2454 4300
290 159 724 229 MATHEM'ATICVM.
917 179 962 244 351

15 237 142 326 v'punitur
151 239 337 307 rllaCiuitas
347 244 512 308 immediate
530 241 959 328 aquatorisubiedbadistansab

28 328 127 384 Infulis
137 323 300 386 fortunatis
312 323 466 388 medietate
477 332 585 390 circuli
596 372 604 395 ,
616 329 663 390 sed
672 331 763 389 solum
773 329 918 389 inuenttut
927 331 959 386 in

29 408 181 467 indecitata
198 405 269 466 Afiae
288 409 382 468 cabula
405 411 518 468 Ciuitas
529 412 647 468 nornine
659 409 961 490 Arasabium,quaeta·
1032 419 1038 441 ⁴

29 489 131 544 mettin
144 487 335 568 longitudine
354 511 412 548 non
428 491 538 549 excedit
553 490 691 548 summam
710 489 787 572 grad.
801 493 894 562 qun
913 490 959 546 vi·
980 557 990 568 N

30 565 89 626 dete
100 566 140 624 est
153 568 187 626 in
199 569 348 631 l’tolemaei
366 569 548 655 Geogtaphia
565 571 730 650 thagino
746 569 854 638 recusa,
873 588 956 627 reto·
1058 605 1061 610 -

30 647 115 724 gnir'a,
141 654 169 724 qt
183 644 341 730 castigarat
352 671 415 710 cunr
423 652 492 710 aliis
502 649 614 710 ulterius
632 649 722 708 versus
741 651 891 710 Orientem
907 667 953 706 to·

29 747 84 786 tutu
97 728 229 806 spatium
244 771 253 796 ,
269 730 345 810 quod
356 731 495 800 interest,
513 736 594 790 Mare
604 731 700 789 alluat.
716 729 846 796 Deinde,
864 729 963 788 reali-¹

31 805 56 864 bi
67 809 302 878 obseruauimu's,
317 816 436 874 ,Verum
462 811 606 870 Occidens
625 810 780 888 computari
790 809 958 874 debeatnon

32 888 62 944 ab
70 887 172 946 lnlitlis
186 887 344 950 fortunatis
357 913 362 965 r
374 892 539 950 Ptolemaeus
550 893 627 950 enim
646 891 807 948 ulteriorem
818 909 894 946 tetta:
904 887 958 948 ha-

32 959 152 1026 bitabilis
164 972 306 1028 notitiam
316 971 500 1037 nonhabui'tl
519 971 565 1030 sed
575 973 611 1030 ab
622 991 654 1029 ea
669 989 746 1048 parte
761 969 833 1026 sinus
847 969 963 1047 Hespe.·

35 1047 98 1116 tici,
117 1069 182 1127 quae
203 1049 331 1112 subiacet
349 1047 484 1132 aequatoti
502 1052 654 1111 seeundum
670 1048 861 1114 Meridianum
879 1054 959 1107 Azo·
999 1058 1023 1088 '³

36 1147 107 1197 tum,
126 1151 190 1188 non
211 1131 301 1212 longe
322 1130 555 1192 dPromontorio
579 1135 691 1191 Hieron
711 1153 719 1191 t
739 1132 779 1192 ibi
798 1131 876 1188 enim
893 1149 960 1188 acus

36 1211 139 1268 nautica
149 1210 179 1268 se
190 1214 280 1270 vertit
294 1210 367 1272 redii
376 1213 410 1271 ad
423 1214 507 1291 polos
519 1212 632 1282 Mundi,
644 1213 774 1271 diuidens
786 1210 959 1290 :equotorem

36 1287 65 1346 ad
78 1293 201 1369 angulos
212 1291 306 1350 rectos
324 1315 333 1354 3
352 1294 441 1370 utqui
453 1294 576 1372 nauigiis
587 1292 869 1352 Indiaeoccidentalis
880 1331 887 1357 ,
913 1290 962 1348 scu

38 1370 109 1428 Noui
121 1372 213 1430 Orbis
225 1373 388 1450 prouincias
407 1391 611 1454 peragrarunt,
634 1374 741 1451 seriptis
758 1371 813 1430 suis
829 1370 960 1448 testatum

37 1447 175 1526 liquerunt
195 1475 206 1513 a
225 1473 313 1532 quam
331 1451 447 1532 quidem
466 1457 573 1512 lineam
601 1453 759 1520 Diametti,
777 1452 823 1509 seu
839 1453 960 1510 Diamo-

39 1546 102 1588 uum
113 1533 223 1592 Mundi
235 1532 286 1612 ipst
300 1535 442 1610 appellant
452 1553 460 1592 t
472 1542 495 1594 δι
505 1533 552 1592 hic
561 1532 639 1592 strum
653 1532 706 1591 elle
717 1533 899 1590 ¹contendunt
910 1540 967 1588 tle-³

39 1627 90 1667 tum
102 1613 253 1674 occidens.
281 1613 358 1694 Ergo
374 1613 500 1674 fimilirer
517 1633 613 1672 verum
634 1615 739 1672 Oriens
763 1613 961 1690 accipiendum

41 1690 73 1746 ell
87 1694 115 1750 in
129 1713 164 1752 ea
180 1715 282 1774 parte,
302 1714 364 1774 quae
380 1692 471 1752 subest
491 1694 703 1770 aequinodliali,
722 1700 749 1751 &
766 1691 849 1750 distat
859 1695 894 1750 ab
905 1693 961 1752 lroc
1017 1707 1026 1720 ·

43 1771 192 1832 occidentis
215 1775 325 1852 punslo
343 1776 494 1834 medietate
516 1773 612 1832 circuli
633 1771 916 1852 r'quodferdincidir
929 1775 962 1832 itt

41 1855 167 1927 Sarapam
188 1855 261 1914 Asrae
280 1851 426 1913 ciuitatem
445 1853 642 1932 insensibiliter
658 1851 819 1912 tendentem
834 1853 870 1910 ad
882 1857 959 1910 Tro·

43 1929 125 2006 picum
138 1937 314 2012 Capricorni
324 1956 383 1993 non
396 1934 483 2013 longe
495 1932 512 1992 d
524 1938 722 1994 Promontorio
738 1944 900 2013 Satyrorum
912 1973 920 1999 ‚
932 1947 965 1990 vt

44 2010 217 2074 tidereestin
238 2013 537 2096 MappisMundi,ac
559 2015 679 2073 Tabulis
700 2009 887 2094 Geogtahicis
906 2013 965 2070 rite
1003 2083 1006 2092 1
1036 2071 1053 2082 ,

46 2088 198 2152 delineatis.

69 2173 319 2236 Occrotnrnttt
354 2175 463 2236 nonos
484 2215 493 2242 ,
517 2172 563 2234 seu
580 2175 753 2252 quadranter
776 2171 910 2234 dicuntur
924 2173 960 2232 ab
978 2193 1017 2230 12.

46 2249 215 2314 llstronomis
226 2275 283 2314 tres
295 2259 422 2322 Domus,
440 2263 468 2314 dt
486 2256 689 2337 consequenter
705 2258 859 2337 erans
871 2256 965 2313 inter-1
994 2323 1000 2328 ι

47 2348 130 2406 ceptus
141 2337 219 2396 inter
227 2335 376 2396 Medicum
388 2337 483 2402 Coeli,
500 2342 527 2393 dc
537 2335 773 2416 Occasumrutque
785 2336 960 2403 etiamalius,

49 2411 89 2487 qui
99 2411 221 2476 estinter
234 2419 331 2476 Imum
341 2418 430 2485 Caeli,
444 2423 470 2474 dc
481 2418 681 2493 Horoscopunt
699 2438 706 2474 ε
726 2416 963 2495 anuefoemini-
1002 2423 1005 2428 '

49 2508 79 2546 m
91 2491 170 2563 sunt,
192 2499 299 2576 quippe
310 2516 371 2576 quae
379 2495 591 2581 praeponderant
602 2498 632 2554 in
650 2497 831 2574 qualitatibus
840 2495 960 2574 palfiuis.

52 2569 163 2634 Ecuntri
180 2578 337 2636 orientales
356 2582 486 2644 Domus,
508 2585 534 2635 dt
550 2575 730 2656 Qadtantes
746 2596 883 2636 uocantur
901 2595 961 2655 quae

27 2685 30 2690 -
51 2647 259 2734 intercipiuntur
274 2655 503 2726 interoceasum,
524 2664 551 2716 ot
570 2663 678 2725 lmum,
700 2675 784 2737 atque
802 2657 876 2716 inter
895 2662 922 2714 H
928 2678 963 2712 o·
1009 2697 1013 2703 ,

54 2730 190 2814 roscoputn
200 2781 209 2807 ,
228 2747 255 2796 dc
274 2739 397 2796 Culmen
416 2779 425 2806 ,
456 2756 517 2814 quae
532 2737 649 2818 proinde
666 2738 820 2795 masculina
837 2738 914 2805 sunt,
934 2744 963 2793 dc

52 2808 184 2876 abundant
192 2820 227 2877 itr
245 2815 553 2898 qualitatibusadliuis:
566 2819 703 2900 Equidem
715 2819 814 2876 eadent
824 2820 915 2882 ratio,
935 2824 963 2876 dc

54 2887 173 2956 discursus
198 2899 235 2960 de
253 2897 315 2976 ipsts
341 2897 400 2965 est,
429 2919 461 2959 ac
479 2898 513 2958 de
528 2898 632 2978 signis,
651 2906 676 2957 &
688 2898 886 2978 quadrantibus
904 2901 965 2956 Zo-

53 2965 142 3042 diaci,
152 2997 185 3036 ac
195 2975 371 3058 temporibus
386 2979 488 3050 Anni,
508 2980 579 3038 iravt
593 2981 697 3057 primus
707 2979 847 3057 quadrans
863 2976 963 3036 abbo·

55 3051 161 3134 toscopo
180 3059 346 3120 adeulrtten
364 3059 580 3136 correspondeat
599 3061 661 3118 Veri
681 3101 689 3128 ,
716 3065 743 3116 δι
768 3058 855 3116 tribus
876 3057 962 3138 fignis

54 3131 150 3205 Arieti,
168 3143 288 3209 Tauro,
309 3147 336 3198 dc
347 3143 477 3198 Geminis
488 3161 497 3198 a
507 3139 647 3200 Secundus
657 3137 672 3197 d
682 3139 816 3198 Culmine
828 3137 863 3200 ad
877 3151 961 3197 occ'a-

54 3207 113 3300 sllmr
126 3215 226 3279 AEstati
238 3263 247 3290 ,
262 3241 346 3300 arque
355 3219 428 3280 aded
438 3225 567 3280 Canearo
580 3263 588 3289 ,
605 3223 704 3290 leoni,
713 3226 740 3278 dc
750 3220 863 3298 Virgini
873 3244 880 3278 t
891 3224 962 3278 Ter·

56 3304 101 3348 llus
110 3295 142 3352 ab
151 3301 250 3360 occasu
258 3301 295 3360 acl
305 3305 416 3371 lmum,
439 3311 604 3370 Autumno,
623 3299 692 3358 &fic
703 3301 808 3366 Librae,
830 3303 964 3378 Scorpio,-

56 3371 195 3462 Sagitmrio
209 3423 217 3449 ,
236 3386 361 3461 Qattut
372 3382 496 3466 denique
506 3382 540 3442 ab
551 3387 614 3440 lmo
625 3381 659 3439 ad
671 3379 869 3459 horoscopum,
880 3387 965 3460 Hye³

58 3465 107 3518 ¹¹¹1»
121 3456 246 3540 acstgnis
259 3463 447 3543 Capricorni,
465 3465 581 3542 Aquarii
594 3504 602 3531 ,
620 3469 646 3522 δι
656 3461 786 3522 Piscium.

78 3533 319 3602 Occtotnrntrs'
331 3545 433 3604 dieitur
451 3544 568 3603 Planera
580 3583 588 3612 ,
602 3561 667 3601 euru
686 3541 803 3619 Vespere
821 3539 883 3618 post
893 3541 959 3601 solis
978 3572 1022 3628 13„

58 3615 176 3676 occasum
196 3622 276 3702 supra
290 3625 473 3684 horizontem
490 3625 680 3706 conspicitur,
696 3621 769 3681 vnde
786 3623 963 3702 &vesperti-

59 3703 104 3758 uus
118 3697 385 3788 “iamappettettn
396 3706 552 3771 Orientalit
566 3703 715 3793 uerblcum
725 3704 814 3847 {piem
820 3705 966 3798 ptaecediu·

246 3837 249 3843 ,
630 3841 633 3850 ,
726 3855 750 3862 ,-
780 3803 827 3867 trip

332 3925 349 3958 ὁ
