<?xml version="1.0" encoding="UTF-8"?>
<!DOCTYPE html PUBLIC "-//W3C//DTD XHTML 1.0 Transitional//EN"
    "http://www.w3.org/TR/xhtml1/DTD/xhtml1-transitional.dtd">
<html xmlns="http://www.w3.org/1999/xhtml" xml:lang="en" lang="en">
 <head>
  <title>
</title>
<meta http-equiv="Content-Type" content="text/html;charset=utf-8" />
  <meta name='ocr-system' content='tesseract 3.04.00' />
  <meta name='ocr-capabilities' content='ocr_page ocr_carea ocr_par ocr_line ocrx_word'/>
</head>
<body>
  <div class='ocr_page' id='page_1' title='image "./lexiconmathemat00vitagoog/lexiconmathemat00vitagoog_0402.png"; bbox 0 0 2446 4296; ppageno 0'>
   <div class='ocr_carea' id='block_1_1' title="bbox 47 115 1050 309">
    <p class='ocr_par' dir='ltr' id='par_1_1' title="bbox 47 115 1050 309">
     <span class='ocr_line' id='line_1_1' title="bbox 277 115 1050 222; baseline -0.006 -14"><span class='ocrx_word' id='word_1_1' title='bbox 277 137 714 209; x_wconf 74' lang='lat' dir='ltr'>&#39;ltrrrrrtrnrrevm</span> <span class='ocrx_word' id='word_1_2' title='bbox 924 115 977 222; x_wconf 60' lang='lat' dir='ltr'>‘rer</span> <span class='ocrx_word' id='word_1_3' title='bbox 1046 128 1050 134; x_wconf 75' lang='grc'><strong>“</strong></span> 
     </span>
     <span class='ocr_line' id='line_1_2' title="bbox 47 220 980 309; baseline 0 -24"><span class='ocrx_word' id='word_1_4' title='bbox 47 221 187 295; x_wconf 73' lang='lat' dir='ltr'>treione,</span> <span class='ocrx_word' id='word_1_5' title='bbox 210 222 263 286; x_wconf 85' lang='lat' dir='ltr'>sed</span> <span class='ocrx_word' id='word_1_6' title='bbox 281 229 315 286; x_wconf 85' lang='lat' dir='ltr'>ab</span> <span class='ocrx_word' id='word_1_7' title='bbox 330 227 413 287; x_wconf 74' lang='lat' dir='ltr'>valde</span> <span class='ocrx_word' id='word_1_8' title='bbox 433 226 527 288; x_wconf 84' lang='lat' dir='ltr'>diffitis</span> <span class='ocrx_word' id='word_1_9' title='bbox 552 227 728 309; x_wconf 78' lang='lat' dir='ltr'>regionibus.</span> <span class='ocrx_word' id='word_1_10' title='bbox 758 220 904 304; x_wconf 66' lang='lat' dir='ltr'>Quippe,</span> <span class='ocrx_word' id='word_1_11' title='bbox 929 227 980 286; x_wconf 89' lang='lat' dir='ltr'>in-</span> 
     </span>
    </p>
   </div>
   <div class='ocr_carea' id='block_1_2' title="bbox 9 303 1106 3778">
    <p class='ocr_par' dir='ltr' id='par_1_2' title="bbox 51 303 979 387">
     <span class='ocr_line' id='line_1_3' title="bbox 51 303 979 387; baseline -0.002 -21"><span class='ocrx_word' id='word_1_12' title='bbox 51 309 175 386; x_wconf 73' lang='lat' dir='ltr'>quiunt,</span> <span class='ocrx_word' id='word_1_13' title='bbox 200 329 239 366; x_wconf 80' lang='lat' dir='ltr'>cx</span> <span class='ocrx_word' id='word_1_14' title='bbox 249 309 516 387; x_wconf 80' lang='lat' dir='ltr'>Nilietupeinnibus</span> <span class='ocrx_word' id='word_1_15' title='bbox 532 308 632 367; x_wconf 88' lang='lat' dir='ltr'>deduci</span> <span class='ocrx_word' id='word_1_16' title='bbox 642 308 729 368; x_wconf 88' lang='lat' dir='ltr'>etiam</span> <span class='ocrx_word' id='word_1_17' title='bbox 740 303 833 382; x_wconf 84' lang='lat' dir='ltr'>potest</span> <span class='ocrx_word' id='word_1_18' title='bbox 842 344 851 374; x_wconf 90' lang='lat'>,</span> <span class='ocrx_word' id='word_1_19' title='bbox 866 323 924 364; x_wconf 88' lang='lat' dir='ltr'>tam</span> <span class='ocrx_word' id='word_1_20' title='bbox 933 307 979 386; x_wconf 91' lang='lat' dir='ltr'>ip·</span> 
     </span>
    </p>

    <p class='ocr_par' dir='ltr' id='par_1_3' title="bbox 21 384 1106 1090">
     <span class='ocr_line' id='line_1_4' title="bbox 21 384 1106 469; baseline -0.005 -21"><span class='ocrx_word' id='word_1_21' title='bbox 21 418 27 438; x_wconf 70' lang='lat'>›</span> <span class='ocrx_word' id='word_1_22' title='bbox 49 387 128 456; x_wconf 86' lang='lat' dir='ltr'>sum,</span> <span class='ocrx_word' id='word_1_23' title='bbox 144 407 241 466; x_wconf 80' lang='lat' dir='ltr'>quam</span> <span class='ocrx_word' id='word_1_24' title='bbox 249 391 381 468; x_wconf 80' lang='lat' dir='ltr'>Gangem</span> <span class='ocrx_word' id='word_1_25' title='bbox 395 430 403 456; x_wconf 92' lang='lat'>,</span> <span class='ocrx_word' id='word_1_26' title='bbox 420 389 599 469; x_wconf 87' lang='lat' dir='ltr'>reliquosque</span> <span class='ocrx_word' id='word_1_27' title='bbox 608 387 696 456; x_wconf 86' lang='lat' dir='ltr'>duos,</span> <span class='ocrx_word' id='word_1_28' title='bbox 716 385 752 444; x_wconf 86' lang='lat' dir='ltr'>ab</span> <span class='ocrx_word' id='word_1_29' title='bbox 765 386 843 452; x_wconf 85' lang='lat' dir='ltr'>vno,</span> <span class='ocrx_word' id='word_1_30' title='bbox 859 384 979 451; x_wconf 86' lang='lat' dir='ltr'>eodem·</span> <span class='ocrx_word' id='word_1_31' title='bbox 1094 397 1106 424; x_wconf 74' lang='lat'><strong><em>⁹</em></strong></span> 
     </span>
     <span class='ocr_line' id='line_1_5' title="bbox 52 463 1057 548; baseline 0.003 -23"><span class='ocrx_word' id='word_1_32' title='bbox 52 470 212 546; x_wconf 81' lang='lat' dir='ltr'>queloco,</span> <span class='ocrx_word' id='word_1_33' title='bbox 233 469 361 530; x_wconf 84' lang='lat' dir='ltr'>Patadlso</span> <span class='ocrx_word' id='word_1_34' title='bbox 375 470 494 548; x_wconf 87' lang='lat' dir='ltr'>inquam</span> <span class='ocrx_word' id='word_1_35' title='bbox 510 469 563 528; x_wconf 92' lang='lat' dir='ltr'>illo</span> <span class='ocrx_word' id='word_1_36' title='bbox 584 468 750 527; x_wconf 85' lang='lat' dir='ltr'>horninibus</span> <span class='ocrx_word' id='word_1_37' title='bbox 763 463 905 526; x_wconf 83' lang='lat' dir='ltr'>inaccesso</span> <span class='ocrx_word' id='word_1_38' title='bbox 920 469 979 546; x_wconf 89' lang='lat' dir='ltr'>pri·</span> <span class='ocrx_word' id='word_1_39' title='bbox 1053 497 1057 502; x_wconf 93' lang='lat'><em>·</em></span> 
     </span>
     <span class='ocr_line' id='line_1_6' title="bbox 51 543 980 628; baseline 0.002 -22"><span class='ocrx_word' id='word_1_40' title='bbox 51 566 127 606; x_wconf 86' lang='lat' dir='ltr'>mam</span> <span class='ocrx_word' id='word_1_41' title='bbox 145 547 233 608; x_wconf 87' lang='lat' dir='ltr'>suam</span> <span class='ocrx_word' id='word_1_42' title='bbox 240 548 439 628; x_wconf 85' lang='lat' dir='ltr'>scaturiginem</span> <span class='ocrx_word' id='word_1_43' title='bbox 457 566 601 628; x_wconf 78' lang='lat' dir='ltr'>acceptam</span> <span class='ocrx_word' id='word_1_44' title='bbox 620 547 717 612; x_wconf 78' lang='lat' dir='ltr'>sceret</span> <span class='ocrx_word' id='word_1_45' title='bbox 739 543 980 626; x_wconf 77' lang='lat' dir='ltr'>postmodumsult</span> 
     </span>
     <span class='ocr_line' id='line_1_7' title="bbox 50 625 978 710; baseline 0.003 -25"><span class='ocrx_word' id='word_1_46' title='bbox 50 647 134 686; x_wconf 84' lang='lat' dir='ltr'>terras</span> <span class='ocrx_word' id='word_1_47' title='bbox 146 628 255 694; x_wconf 88' lang='lat' dir='ltr'>condi,</span> <span class='ocrx_word' id='word_1_48' title='bbox 264 649 295 688; x_wconf 90' lang='lat' dir='ltr'>ac</span> <span class='ocrx_word' id='word_1_49' title='bbox 305 630 418 689; x_wconf 87' lang='lat' dir='ltr'>demum</span> <span class='ocrx_word' id='word_1_50' title='bbox 429 629 492 710; x_wconf 83' lang='lat' dir='ltr'>post</span> <span class='ocrx_word' id='word_1_51' title='bbox 503 631 607 710; x_wconf 83' lang='lat' dir='ltr'>longos</span> <span class='ocrx_word' id='word_1_52' title='bbox 617 629 738 694; x_wconf 72' lang='lat' dir='ltr'>eradius,</span> <span class='ocrx_word' id='word_1_53' title='bbox 753 625 847 696; x_wconf 82' lang='lat' dir='ltr'>foras,</span> <span class='ocrx_word' id='word_1_54' title='bbox 862 626 908 686; x_wconf 84' lang='lat' dir='ltr'>tbr</span> <span class='ocrx_word' id='word_1_55' title='bbox 919 629 978 709; x_wconf 88' lang='lat' dir='ltr'>pri·</span> 
     </span>
     <span class='ocr_line' id='line_1_8' title="bbox 50 707 1007 790; baseline 0.005 -25"><span class='ocrx_word' id='word_1_56' title='bbox 50 711 128 768; x_wconf 84' lang='lat' dir='ltr'>nrum</span> <span class='ocrx_word' id='word_1_57' title='bbox 144 707 321 768; x_wconf 78' lang='lat' dir='ltr'>hdminibue</span> <span class='ocrx_word' id='word_1_58' title='bbox 338 729 415 790; x_wconf 84' lang='lat' dir='ltr'>patet</span> <span class='ocrx_word' id='word_1_59' title='bbox 434 710 575 779; x_wconf 76' lang='lat' dir='ltr'>arcellus,</span> <span class='ocrx_word' id='word_1_60' title='bbox 590 718 740 787; x_wconf 78' lang='lat' dir='ltr'>erumpunt</span> <span class='ocrx_word' id='word_1_61' title='bbox 760 727 848 767; x_wconf 84' lang='lat' dir='ltr'>tcum</span> <span class='ocrx_word' id='word_1_62' title='bbox 866 710 979 789; x_wconf 82' lang='lat' dir='ltr'>alioqui</span> <span class='ocrx_word' id='word_1_63' title='bbox 1004 739 1007 748; x_wconf 88' lang='grc'>·</span> 
     </span>
     <span class='ocr_line' id='line_1_9' title="bbox 51 787 1004 868; baseline 0.004 -22"><span class='ocrx_word' id='word_1_64' title='bbox 51 787 197 848; x_wconf 81' lang='lat' dir='ltr'>Paradisue</span> <span class='ocrx_word' id='word_1_65' title='bbox 212 790 535 868; x_wconf 79' lang='lat' dir='ltr'>vatiitimpedimentle‚</span> <span class='ocrx_word' id='word_1_66' title='bbox 553 789 600 850; x_wconf 83' lang='lat' dir='ltr'>rel</span> <span class='ocrx_word' id='word_1_67' title='bbox 609 789 775 856; x_wconf 87' lang='lat' dir='ltr'>montium,</span> <span class='ocrx_word' id='word_1_68' title='bbox 790 789 979 862; x_wconf 77' lang='lat' dir='ltr'>velmariunt,</span> <span class='ocrx_word' id='word_1_69' title='bbox 1001 841 1004 850; x_wconf 91' lang='lat'><em>.</em></span> 
     </span>
     <span class='ocr_line' id='line_1_10' title="bbox 49 863 980 952; baseline 0.003 -27"><span class='ocrx_word' id='word_1_70' title='bbox 49 869 91 926; x_wconf 83' lang='lat' dir='ltr'>vel</span> <span class='ocrx_word' id='word_1_71' title='bbox 103 869 176 928; x_wconf 75' lang='lat' dir='ltr'>sand</span> <span class='ocrx_word' id='word_1_72' title='bbox 186 867 315 928; x_wconf 82' lang='lat' dir='ltr'>aestunlae</span> <span class='ocrx_word' id='word_1_73' title='bbox 325 871 443 930; x_wconf 77' lang='lat' dir='ltr'>alicuius</span> <span class='ocrx_word' id='word_1_74' title='bbox 451 871 597 952; x_wconf 82' lang='lat' dir='ltr'>regionis,</span> <span class='ocrx_word' id='word_1_75' title='bbox 621 889 681 948; x_wconf 75' lang='lat' dir='ltr'>qnae</span> <span class='ocrx_word' id='word_1_76' title='bbox 690 863 845 947; x_wconf 76' lang='lat' dir='ltr'>pertransiri</span> <span class='ocrx_word' id='word_1_77' title='bbox 856 887 915 930; x_wconf 89' lang='lat' dir='ltr'>non</span> <span class='ocrx_word' id='word_1_78' title='bbox 924 889 980 950; x_wconf 87' lang='lat' dir='ltr'>po·</span> 
     </span>
     <span class='ocr_line' id='line_1_11' title="bbox 51 945 980 1089; baseline 0.006 -84"><span class='ocrx_word' id='word_1_79' title='bbox 51 945 354 1089; x_wconf 51' lang='lat' dir='ltr'>tellgfitdhominibus</span> <span class='ocrx_word' id='word_1_80' title='bbox 373 952 537 1014; x_wconf 76' lang='lat' dir='ltr'>interclusus</span> <span class='ocrx_word' id='word_1_81' title='bbox 548 975 559 1012; x_wconf 81' lang='lat' dir='ltr'>t</span> <span class='ocrx_word' id='word_1_82' title='bbox 570 967 601 1010; x_wconf 89' lang='lat' dir='ltr'>vt</span> <span class='ocrx_word' id='word_1_83' title='bbox 609 948 712 1010; x_wconf 86' lang='lat' dir='ltr'>author</span> <span class='ocrx_word' id='word_1_84' title='bbox 721 945 761 1006; x_wconf 86' lang='lat' dir='ltr'>est</span> <span class='ocrx_word' id='word_1_85' title='bbox 768 947 875 1008; x_wconf 72' lang='lat' dir='ltr'>mh.</span> <span class='ocrx_word' id='word_1_86' title='bbox 884 948 980 1012; x_wconf 86' lang='lat' dir='ltr'>intes·</span> 
     </span>
     <span class='ocr_line' id='line_1_12' title="bbox 70 1050 224 1090; baseline 0.026 -4"><span class='ocrx_word' id='word_1_87' title='bbox 70 1050 167 1090; x_wconf 89' lang='lat' dir='ltr'>on.a</span> <span class='ocrx_word' id='word_1_88' title='bbox 218 1077 224 1089; x_wconf 92' lang='lat'>.</span> 
     </span>
    </p>

    <p class='ocr_par' dir='ltr' id='par_1_4' title="bbox 42 1043 1035 1593">
     <span class='ocr_line' id='line_1_13' title="bbox 51 1043 1024 1205; baseline 0.002 -37"><span class='ocrx_word' id='word_1_89' title='bbox 51 1043 227 1186; x_wconf 42' lang='lat' dir='ltr'>PCaetemr&#39;n</span> <span class='ocrx_word' id='word_1_90' title='bbox 246 1107 276 1172; x_wconf 92' lang='lat' dir='ltr'>id</span> <span class='ocrx_word' id='word_1_91' title='bbox 293 1131 353 1170; x_wconf 89' lang='lat' dir='ltr'>non</span> <span class='ocrx_word' id='word_1_92' title='bbox 373 1104 464 1170; x_wconf 87' lang='lat' dir='ltr'>modo</span> <span class='ocrx_word' id='word_1_93' title='bbox 482 1116 542 1170; x_wconf 83' lang='lat' dir='ltr'>iton</span> <span class='ocrx_word' id='word_1_94' title='bbox 558 1115 677 1205; x_wconf 65' lang='lat' dir='ltr'>&#39;eugeuat</span> <span class='ocrx_word' id='word_1_95' title='bbox 699 1097 911 1178; x_wconf 77' lang='lat' dir='ltr'>difficultatem,</span> <span class='ocrx_word' id='word_1_96' title='bbox 931 1108 978 1170; x_wconf 88' lang='lat' dir='ltr'>sed</span> <span class='ocrx_word' id='word_1_97' title='bbox 992 1099 1024 1154; x_wconf 74' lang='lat'>‘-</span> 
     </span>
     <span class='ocr_line' id='line_1_14' title="bbox 52 1188 980 1272; baseline 0.005 -26"><span class='ocrx_word' id='word_1_98' title='bbox 52 1203 110 1249; x_wconf 83' lang='lat' dir='ltr'>tant</span> <span class='ocrx_word' id='word_1_99' title='bbox 128 1193 293 1250; x_wconf 85' lang='lat' dir='ltr'>maioribus</span> <span class='ocrx_word' id='word_1_100' title='bbox 310 1190 519 1272; x_wconf 70' lang='lat' dir='ltr'>difficultatibus</span> <span class='ocrx_word' id='word_1_101' title='bbox 534 1191 662 1270; x_wconf 83' lang='lat' dir='ltr'>implicat</span> <span class='ocrx_word' id='word_1_102' title='bbox 679 1209 691 1256; x_wconf 74' lang='lat' dir='ltr'>t·</span> <span class='ocrx_word' id='word_1_103' title='bbox 707 1188 854 1270; x_wconf 78' lang='lat' dir='ltr'>maiusque</span> <span class='ocrx_word' id='word_1_104' title='bbox 861 1189 980 1251; x_wconf 84' lang='lat' dir='ltr'>dubium</span> 
     </span>
     <span class='ocr_line' id='line_1_15' title="bbox 50 1268 981 1347; baseline 0.004 -21"><span class='ocrx_word' id='word_1_105' title='bbox 50 1268 473 1347; x_wconf 68' lang='lat' dir='ltr'>facit,]tbitandcmlocorum</span> <span class='ocrx_word' id='word_1_106' title='bbox 493 1269 706 1330; x_wconf 83' lang='lat' dir='ltr'>constituendus</span> <span class='ocrx_word' id='word_1_107' title='bbox 714 1268 748 1329; x_wconf 83' lang='lat' dir='ltr'>stt</span> <span class='ocrx_word' id='word_1_108' title='bbox 768 1270 981 1330; x_wconf 84' lang='lat' dir='ltr'>Paradisustce·</span> 
     </span>
     <span class='ocr_line' id='line_1_16' title="bbox 42 1351 1035 1433; baseline 0.005 -27"><span class='ocrx_word' id='word_1_109' title='bbox 42 1353 153 1409; x_wconf 75' lang='lat' dir='ltr'>reneis.</span> <span class='ocrx_word' id='word_1_110' title='bbox 178 1351 331 1433; x_wconf 85' lang='lat' dir='ltr'>Siquidem</span> <span class='ocrx_word' id='word_1_111' title='bbox 351 1355 423 1412; x_wconf 88' lang='lat' dir='ltr'>inter</span> <span class='ocrx_word' id='word_1_112' title='bbox 440 1353 544 1431; x_wconf 77' lang='lat' dir='ltr'>Tigrin</span> <span class='ocrx_word' id='word_1_113' title='bbox 566 1351 793 1431; x_wconf 81' lang='lat' dir='ltr'>Euphratemque</span> <span class='ocrx_word' id='word_1_114' title='bbox 807 1352 876 1432; x_wconf 83' lang='lat' dir='ltr'>(qui</span> <span class='ocrx_word' id='word_1_115' title='bbox 886 1371 918 1410; x_wconf 80' lang='lat' dir='ltr'>ex</span> <span class='ocrx_word' id='word_1_116' title='bbox 927 1358 982 1411; x_wconf 80' lang='lat' dir='ltr'>At·</span> <span class='ocrx_word' id='word_1_117' title='bbox 1031 1355 1035 1366; x_wconf 91' lang='lat'><em>&#39;</em></span> 
     </span>
     <span class='ocr_line' id='line_1_17' title="bbox 52 1431 980 1512; baseline 0.004 -26"><span class='ocrx_word' id='word_1_118' title='bbox 52 1432 165 1502; x_wconf 85' lang='lat' dir='ltr'>menia,</span> <span class='ocrx_word' id='word_1_119' title='bbox 183 1453 215 1491; x_wconf 81' lang='lat' dir='ltr'>vt</span> <span class='ocrx_word' id='word_1_120' title='bbox 234 1433 341 1492; x_wconf 74' lang='lat' dir='ltr'>dilium</span> <span class='ocrx_word' id='word_1_121' title='bbox 359 1433 416 1502; x_wconf 93' lang='lat' dir='ltr'>est,</span> <span class='ocrx_word' id='word_1_122' title='bbox 434 1432 529 1512; x_wconf 69' lang='lat' dir='ltr'>primo</span> <span class='ocrx_word' id='word_1_123' title='bbox 547 1432 574 1490; x_wconf 91' lang='lat' dir='ltr'>se</span> <span class='ocrx_word' id='word_1_124' title='bbox 597 1432 764 1512; x_wconf 75' lang='lat' dir='ltr'>spedlabsses</span> <span class='ocrx_word' id='word_1_125' title='bbox 786 1431 930 1508; x_wconf 89' lang='lat' dir='ltr'>reddunt)</span> <span class='ocrx_word' id='word_1_126' title='bbox 945 1451 980 1492; x_wconf 89' lang='lat' dir='ltr'>ac</span> 
     </span>
     <span class='ocr_line' id='line_1_18' title="bbox 52 1511 980 1593; baseline 0.006 -27"><span class='ocrx_word' id='word_1_127' title='bbox 52 1514 182 1591; x_wconf 77' lang='lat' dir='ltr'>Gangem</span> <span class='ocrx_word' id='word_1_128' title='bbox 188 1515 334 1587; x_wconf 79' lang='lat' dir='ltr'>fluuium,</span> <span class='ocrx_word' id='word_1_129' title='bbox 354 1512 502 1574; x_wconf 86' lang='lat' dir='ltr'>intercedit</span> <span class='ocrx_word' id='word_1_130' title='bbox 509 1512 629 1593; x_wconf 86' lang='lat' dir='ltr'>spatium</span> <span class='ocrx_word' id='word_1_131' title='bbox 638 1511 815 1592; x_wconf 84' lang='lat' dir='ltr'>septuaginta</span> <span class='ocrx_word' id='word_1_132' title='bbox 824 1512 980 1592; x_wconf 76' lang='lat' dir='ltr'>graduumt</span> 
     </span>
    </p>

    <p class='ocr_par' dir='ltr' id='par_1_5' title="bbox 53 1585 1090 1753">
     <span class='ocr_line' id='line_1_19' title="bbox 53 1585 1090 1674; baseline 0.007 -27"><span class='ocrx_word' id='word_1_133' title='bbox 53 1585 105 1648; x_wconf 83' lang='lat' dir='ltr'>lroc</span> <span class='ocrx_word' id='word_1_134' title='bbox 125 1591 166 1653; x_wconf 88' lang='lat' dir='ltr'>ell</span> <span class='ocrx_word' id='word_1_135' title='bbox 186 1591 642 1674; x_wconf 72' lang='lat' dir='ltr'>iuxtiPtolemaeum,lplusqnam</span> <span class='ocrx_word' id='word_1_136' title='bbox 659 1610 782 1672; x_wconf 88' lang='lat' dir='ltr'>quatuor</span> <span class='ocrx_word' id='word_1_137' title='bbox 804 1592 928 1653; x_wconf 86' lang='lat' dir='ltr'>millium</span> <span class='ocrx_word' id='word_1_138' title='bbox 944 1611 981 1652; x_wconf 88' lang='lat' dir='ltr'>ac</span> <span class='ocrx_word' id='word_1_139' title='bbox 1085 1647 1090 1654; x_wconf 93' lang='grc'><em>,</em></span> 
     </span>
     <span class='ocr_line' id='line_1_20' title="bbox 53 1671 980 1753; baseline 0.01 -28"><span class='ocrx_word' id='word_1_140' title='bbox 53 1683 248 1750; x_wconf 80' lang='lat' dir='ltr'>trecentorum</span> <span class='ocrx_word' id='word_1_141' title='bbox 266 1674 465 1733; x_wconf 76' lang='lat' dir='ltr'>milliariorum</span> <span class='ocrx_word' id='word_1_142' title='bbox 485 1694 494 1731; x_wconf 83' lang='lat' dir='ltr'>t</span> <span class='ocrx_word' id='word_1_143' title='bbox 513 1674 658 1753; x_wconf 81' lang='lat' dir='ltr'>maiusque</span> <span class='ocrx_word' id='word_1_144' title='bbox 668 1671 756 1732; x_wconf 85' lang='lat' dir='ltr'>etiam</span> <span class='ocrx_word' id='word_1_145' title='bbox 764 1672 839 1730; x_wconf 88' lang='lat' dir='ltr'>inter</span> <span class='ocrx_word' id='word_1_146' title='bbox 848 1673 980 1744; x_wconf 81' lang='lat' dir='ltr'>cosdem,</span> 
     </span>
    </p>

    <p class='ocr_par' dir='ltr' id='par_1_6' title="bbox 9 1751 980 1914">
     <span class='ocr_line' id='line_1_21' title="bbox 9 1751 980 1834; baseline 0.005 -26"><span class='ocrx_word' id='word_1_147' title='bbox 9 1783 10 1788; x_wconf 20' lang='grc' dir='ltr'><strong><em>κ</em></strong></span> <span class='ocrx_word' id='word_1_148' title='bbox 54 1753 199 1822; x_wconf 75' lang='lat' dir='ltr'>&amp;Nilum</span> <span class='ocrx_word' id='word_1_149' title='bbox 229 1759 268 1816; x_wconf 86' lang='lat' dir='ltr'>Vr</span> <span class='ocrx_word' id='word_1_150' title='bbox 276 1751 424 1834; x_wconf 71' lang='lat' dir='ltr'>propemeai</span> <span class='ocrx_word' id='word_1_151' title='bbox 434 1774 493 1812; x_wconf 91' lang='lat' dir='ltr'>non</span> <span class='ocrx_word' id='word_1_152' title='bbox 503 1772 561 1812; x_wconf 86' lang='lat' dir='ltr'>tam</span> <span class='ocrx_word' id='word_1_153' title='bbox 573 1752 606 1810; x_wconf 94' lang='lat' dir='ltr'>de</span> <span class='ocrx_word' id='word_1_154' title='bbox 618 1751 735 1812; x_wconf 87' lang='lat' dir='ltr'>istorum</span> <span class='ocrx_word' id='word_1_155' title='bbox 746 1751 877 1833; x_wconf 87' lang='lat' dir='ltr'>origine,</span> <span class='ocrx_word' id='word_1_156' title='bbox 887 1756 980 1813; x_wconf 84' lang='lat' dir='ltr'>incer-</span> 
     </span>
     <span class='ocr_line' id='line_1_22' title="bbox 54 1829 980 1914; baseline 0.009 -28"><span class='ocrx_word' id='word_1_157' title='bbox 54 1829 190 1904; x_wconf 84' lang='lat' dir='ltr'>earetfit,</span> <span class='ocrx_word' id='word_1_158' title='bbox 212 1834 483 1914; x_wconf 77' lang='lat' dir='ltr'>quamdeillorumt</span> <span class='ocrx_word' id='word_1_159' title='bbox 495 1850 579 1913; x_wconf 86' lang='lat' dir='ltr'>atquc</span> <span class='ocrx_word' id='word_1_160' title='bbox 590 1834 694 1903; x_wconf 87' lang='lat' dir='ltr'>etiam,</span> <span class='ocrx_word' id='word_1_161' title='bbox 714 1831 782 1894; x_wconf 84' lang='lat' dir='ltr'>otim</span> <span class='ocrx_word' id='word_1_162' title='bbox 797 1851 980 1903; x_wconf 83' lang='lat' dir='ltr'>omnes,·aut</span> 
     </span>
    </p>

    <p class='ocr_par' dir='ltr' id='par_1_7' title="bbox 9 1913 1043 3778">
     <span class='ocr_line' id='line_1_23' title="bbox 9 1913 996 1996; baseline -0.003 -20"><span class='ocrx_word' id='word_1_163' title='bbox 9 1973 10 1976; x_wconf 74' lang='grc'>,</span> <span class='ocrx_word' id='word_1_164' title='bbox 41 1963 43 1974; x_wconf 95' lang='grc'>.</span> <span class='ocrx_word' id='word_1_165' title='bbox 56 1929 149 1974; x_wconf 78' lang='lat' dir='ltr'>totum</span> <span class='ocrx_word' id='word_1_166' title='bbox 169 1914 280 1996; x_wconf 80' lang='lat' dir='ltr'>aliquis</span> <span class='ocrx_word' id='word_1_167' title='bbox 289 1934 360 1988; x_wconf 16' lang='lat' dir='ltr'>*non</span> <span class='ocrx_word' id='word_1_168' title='bbox 376 1916 476 1974; x_wconf 76' lang='lat' dir='ltr'>cimex</span> <span class='ocrx_word' id='word_1_169' title='bbox 485 1915 589 1982; x_wconf 80' lang='lat' dir='ltr'>India,</span> <span class='ocrx_word' id='word_1_170' title='bbox 608 1933 694 1995; x_wconf 87' lang='lat' dir='ltr'>quarn</span> <span class='ocrx_word' id='word_1_171' title='bbox 705 1935 738 1972; x_wconf 83' lang='lat' dir='ltr'>ex</span> <span class='ocrx_word' id='word_1_172' title='bbox 749 1913 809 1974; x_wconf 89' lang='lat' dir='ltr'>alio</span> <span class='ocrx_word' id='word_1_173' title='bbox 819 1916 922 1994; x_wconf 77' lang='lat' dir='ltr'>quonia</span> <span class='ocrx_word' id='word_1_174' title='bbox 932 1913 979 1973; x_wconf 83' lang='lat' dir='ltr'>vel</span> <span class='ocrx_word' id='word_1_175' title='bbox 992 1930 996 1940; x_wconf 80' lang='lat'><strong><em>‘</em></strong></span> 
     </span>
     <span class='ocr_line' id='line_1_24' title="bbox 54 1988 979 2076; baseline 0.004 -29"><span class='ocrx_word' id='word_1_176' title='bbox 54 1988 142 2054; x_wconf 88' lang='lat' dir='ltr'>dillito</span> <span class='ocrx_word' id='word_1_177' title='bbox 152 1995 243 2066; x_wconf 88' lang='lat' dir='ltr'>loco,</span> <span class='ocrx_word' id='word_1_178' title='bbox 261 1993 298 2056; x_wconf 86' lang='lat' dir='ltr'>ad</span> <span class='ocrx_word' id='word_1_179' title='bbox 312 1995 425 2072; x_wconf 67' lang='lat' dir='ltr'>ultimae</span> <span class='ocrx_word' id='word_1_180' title='bbox 435 1993 601 2071; x_wconf 73' lang='lat' dir='ltr'>Occidentis</span> <span class='ocrx_word' id='word_1_181' title='bbox 612 2015 675 2056; x_wconf 84' lang='lat' dir='ltr'>oras</span> <span class='ocrx_word' id='word_1_182' title='bbox 684 1992 816 2074; x_wconf 87' lang='lat' dir='ltr'>protenso</span> <span class='ocrx_word' id='word_1_183' title='bbox 833 1995 979 2076; x_wconf 82' lang='lat' dir='ltr'>originem</span> 
     </span>
     <span class='ocr_line' id='line_1_25' title="bbox 54 2069 979 2157; baseline 0.004 -27"><span class='ocrx_word' id='word_1_184' title='bbox 54 2069 142 2134; x_wconf 81' lang='lat' dir='ltr'>trahat</span> <span class='ocrx_word' id='word_1_185' title='bbox 159 2091 168 2134; x_wconf 80' lang='lat' dir='ltr'>t</span> <span class='ocrx_word' id='word_1_186' title='bbox 183 2097 219 2135; x_wconf 89' lang='lat' dir='ltr'>ac</span> <span class='ocrx_word' id='word_1_187' title='bbox 229 2097 279 2156; x_wconf 87' lang='lat' dir='ltr'>pet</span> <span class='ocrx_word' id='word_1_188' title='bbox 296 2075 473 2157; x_wconf 77' lang='lat' dir='ltr'>longissimos</span> <span class='ocrx_word' id='word_1_189' title='bbox 488 2078 609 2144; x_wconf 76' lang='lat' dir='ltr'>eradius,</span> <span class='ocrx_word' id='word_1_190' title='bbox 623 2075 806 2154; x_wconf 83' lang='lat' dir='ltr'>occultosque</span> <span class='ocrx_word' id='word_1_191' title='bbox 815 2093 893 2136; x_wconf 86' lang='lat' dir='ltr'>terrac</span> <span class='ocrx_word' id='word_1_192' title='bbox 901 2093 979 2134; x_wconf 84' lang='lat' dir='ltr'>mea·</span> 
     </span>
     <span class='ocr_line' id='line_1_26' title="bbox 55 2155 978 2237; baseline 0.009 -29"><span class='ocrx_word' id='word_1_193' title='bbox 55 2165 117 2220; x_wconf 83' lang='lat' dir='ltr'>tus,</span> <span class='ocrx_word' id='word_1_194' title='bbox 135 2156 257 2216; x_wconf 84' lang='lat' dir='ltr'>tandem</span> <span class='ocrx_word' id='word_1_195' title='bbox 274 2155 322 2216; x_wconf 85' lang='lat' dir='ltr'>hic</span> <span class='ocrx_word' id='word_1_196' title='bbox 339 2157 412 2236; x_wconf 86' lang='lat' dir='ltr'>apud</span> <span class='ocrx_word' id='word_1_197' title='bbox 423 2156 531 2226; x_wconf 81' lang='lat' dir='ltr'>Indos,</span> <span class='ocrx_word' id='word_1_198' title='bbox 549 2157 598 2216; x_wconf 92' lang='lat' dir='ltr'>illc</span> <span class='ocrx_word' id='word_1_199' title='bbox 606 2157 637 2216; x_wconf 90' lang='lat' dir='ltr'>in</span> <span class='ocrx_word' id='word_1_200' title='bbox 652 2156 850 2225; x_wconf 74' lang='lat' dir='ltr'>Mauritania,</span> <span class='ocrx_word' id='word_1_201' title='bbox 872 2155 978 2237; x_wconf 78' lang='lat' dir='ltr'>reliqui</span> 
     </span>
     <span class='ocr_line' id='line_1_27' title="bbox 54 2230 978 2318; baseline 0.01 -32"><span class='ocrx_word' id='word_1_202' title='bbox 54 2230 555 2318; x_wconf 80' lang='lat' dir='ltr'>circaiArmeniamforaserumpant.</span> <span class='ocrx_word' id='word_1_203' title='bbox 580 2236 720 2306; x_wconf 78' lang='lat' dir='ltr'>Deinde(</span> <span class='ocrx_word' id='word_1_204' title='bbox 738 2254 768 2296; x_wconf 81' lang='lat' dir='ltr'>tt</span> <span class='ocrx_word' id='word_1_205' title='bbox 776 2235 806 2296; x_wconf 89' lang='lat' dir='ltr'>id</span> <span class='ocrx_word' id='word_1_206' title='bbox 819 2239 905 2296; x_wconf 86' lang='lat' dir='ltr'>etiam</span> <span class='ocrx_word' id='word_1_207' title='bbox 915 2237 978 2296; x_wconf 88' lang='lat' dir='ltr'>eui·</span> 
     </span>
     <span class='ocr_line' id='line_1_28' title="bbox 56 2307 976 2396; baseline 0.009 -26"><span class='ocrx_word' id='word_1_208' title='bbox 56 2307 162 2374; x_wconf 72' lang='lat' dir='ltr'>dereris</span> <span class='ocrx_word' id='word_1_209' title='bbox 169 2316 259 2376; x_wconf 86' lang='lat' dir='ltr'>cadat</span> <span class='ocrx_word' id='word_1_210' title='bbox 272 2317 286 2395; x_wconf 80' lang='lat'><em>&gt;</em></span> <span class='ocrx_word' id='word_1_211' title='bbox 297 2314 354 2376; x_wconf 88' lang='lat' dir='ltr'>hoc</span> <span class='ocrx_word' id='word_1_212' title='bbox 362 2317 470 2396; x_wconf 83' lang='lat' dir='ltr'>ipsum,</span> <span class='ocrx_word' id='word_1_213' title='bbox 491 2316 568 2396; x_wconf 89' lang='lat' dir='ltr'>quod</span> <span class='ocrx_word' id='word_1_214' title='bbox 587 2317 678 2377; x_wconf 83' lang='lat' dir='ltr'>modti</span> <span class='ocrx_word' id='word_1_215' title='bbox 697 2315 818 2376; x_wconf 77' lang='lat' dir='ltr'>diximus</span> <span class='ocrx_word' id='word_1_216' title='bbox 826 2315 976 2380; x_wconf 63' lang='lat' dir='ltr'>clarissimi</span> 
     </span>
     <span class='ocr_line' id='line_1_29' title="bbox 58 2393 977 2478; baseline 0.008 -29"><span class='ocrx_word' id='word_1_217' title='bbox 58 2395 263 2458; x_wconf 69' lang='lat' dir='ltr'>cornelianus.</span> <span class='ocrx_word' id='word_1_218' title='bbox 285 2393 362 2458; x_wconf 88' lang='lat' dir='ltr'>Nam</span> <span class='ocrx_word' id='word_1_219' title='bbox 372 2407 437 2474; x_wconf 79' lang='lat' dir='ltr'>tum</span> <span class='ocrx_word' id='word_1_220' title='bbox 452 2400 557 2458; x_wconf 80' lang='lat' dir='ltr'>flumen</span> <span class='ocrx_word' id='word_1_221' title='bbox 569 2396 695 2478; x_wconf 79' lang='lat' dir='ltr'>aliqnnd</span> <span class='ocrx_word' id='word_1_222' title='bbox 704 2419 751 2476; x_wconf 77' lang='lat' dir='ltr'>per</span> <span class='ocrx_word' id='word_1_223' title='bbox 762 2397 888 2458; x_wconf 80' lang='lat' dir='ltr'>occultos</span> <span class='ocrx_word' id='word_1_224' title='bbox 900 2418 977 2457; x_wconf 82' lang='lat' dir='ltr'>terra·</span> 
     </span>
     <span class='ocr_line' id='line_1_30' title="bbox 55 2470 976 2560; baseline 0.005 -29"><span class='ocrx_word' id='word_1_225' title='bbox 55 2487 157 2534; x_wconf 82' lang='lat' dir='ltr'>meatus</span> <span class='ocrx_word' id='word_1_226' title='bbox 167 2484 317 2556; x_wconf 78' lang='lat' dir='ltr'>permeat,</span> <span class='ocrx_word' id='word_1_227' title='bbox 329 2490 474 2558; x_wconf 81' lang='lat' dir='ltr'>erumpere</span> <span class='ocrx_word' id='word_1_228' title='bbox 485 2470 661 2559; x_wconf 84' lang='lat' dir='ltr'>polleasol&#39;et</span> <span class='ocrx_word' id='word_1_229' title='bbox 671 2497 778 2560; x_wconf 86' lang='lat' dir='ltr'>magno</span> <span class='ocrx_word' id='word_1_230' title='bbox 789 2480 898 2558; x_wconf 87' lang='lat' dir='ltr'>impetu</span> <span class='ocrx_word' id='word_1_231' title='bbox 913 2517 922 2548; x_wconf 90' lang='lat'>‚</span> <span class='ocrx_word' id='word_1_232' title='bbox 946 2485 976 2550; x_wconf 66' lang='lat' dir='ltr'>dt</span> 
     </span>
     <span class='ocr_line' id='line_1_31' title="bbox 55 2552 976 2640; baseline 0.014 -33"><span class='ocrx_word' id='word_1_233' title='bbox 55 2552 129 2624; x_wconf 87' lang='lat' dir='ltr'>nisu,</span> <span class='ocrx_word' id='word_1_234' title='bbox 148 2563 176 2615; x_wconf 72' lang='grc' dir='ltr'>δι</span> <span class='ocrx_word' id='word_1_235' title='bbox 192 2557 231 2634; x_wconf 75' lang='lat' dir='ltr'>ed</span> <span class='ocrx_word' id='word_1_236' title='bbox 245 2560 372 2628; x_wconf 86' lang='lat' dir='ltr'>maiore,</span> <span class='ocrx_word' id='word_1_237' title='bbox 391 2561 552 2637; x_wconf 88' lang='lat' dir='ltr'>quomaior</span> <span class='ocrx_word' id='word_1_238' title='bbox 571 2559 694 2620; x_wconf 74' lang='lat' dir='ltr'>extiterit</span> <span class='ocrx_word' id='word_1_239' title='bbox 711 2558 883 2618; x_wconf 79' lang='lat' dir='ltr'>occultatio:</span> <span class='ocrx_word' id='word_1_240' title='bbox 896 2557 976 2640; x_wconf 85' lang='lat' dir='ltr'>quod</span> 
     </span>
     <span class='ocr_line' id='line_1_32' title="bbox 57 2631 976 2720; baseline 0.008 -29"><span class='ocrx_word' id='word_1_241' title='bbox 57 2635 164 2696; x_wconf 79' lang='lat' dir='ltr'>&amp;ratio</span> <span class='ocrx_word' id='word_1_242' title='bbox 181 2631 303 2706; x_wconf 82' lang='lat' dir='ltr'>suadet,</span> <span class='ocrx_word' id='word_1_243' title='bbox 320 2647 347 2699; x_wconf 75' lang='grc' dir='ltr'>δι</span> <span class='ocrx_word' id='word_1_244' title='bbox 365 2641 472 2700; x_wconf 88' lang='lat' dir='ltr'>euincit</span> <span class='ocrx_word' id='word_1_245' title='bbox 490 2642 680 2720; x_wconf 84' lang='lat' dir='ltr'>experientia,</span> <span class='ocrx_word' id='word_1_246' title='bbox 698 2639 845 2719; x_wconf 65' lang='lat' dir='ltr'>prasertim</span> <span class='ocrx_word' id='word_1_247' title='bbox 862 2635 894 2699; x_wconf 83' lang='lat' dir='ltr'>in</span> <span class='ocrx_word' id='word_1_248' title='bbox 910 2647 976 2700; x_wconf 82' lang='lat' dir='ltr'>Arra</span> 
     </span>
     <span class='ocr_line' id='line_1_33' title="bbox 56 2711 975 2800; baseline 0.002 -22"><span class='ocrx_word' id='word_1_249' title='bbox 56 2711 171 2785; x_wconf 73' lang='lat' dir='ltr'>Pluuio,</span> <span class='ocrx_word' id='word_1_250' title='bbox 190 2721 242 2798; x_wconf 86' lang='lat' dir='ltr'>qni</span> <span class='ocrx_word' id='word_1_251' title='bbox 252 2739 299 2798; x_wconf 86' lang='lat' dir='ltr'>per</span> <span class='ocrx_word' id='word_1_252' title='bbox 308 2721 436 2800; x_wconf 84' lang='lat' dir='ltr'>quinque</span> <span class='ocrx_word' id='word_1_253' title='bbox 447 2720 540 2785; x_wconf 76' lang='lat' dir='ltr'>leucas</span> <span class='ocrx_word' id='word_1_254' title='bbox 553 2721 646 2781; x_wconf 79' lang='lat' dir='ltr'>subtus</span> <span class='ocrx_word' id='word_1_255' title='bbox 664 2740 765 2780; x_wconf 87' lang='lat' dir='ltr'>terram</span> <span class='ocrx_word' id='word_1_256' title='bbox 776 2721 903 2796; x_wconf 75' lang='lat' dir='ltr'>¹occultus</span> <span class='ocrx_word' id='word_1_257' title='bbox 913 2741 975 2800; x_wconf 89' lang='lat' dir='ltr'>per-</span> 
     </span>
     <span class='ocr_line' id='line_1_34' title="bbox 56 2797 1043 2881; baseline 0.011 -32"><span class='ocrx_word' id='word_1_258' title='bbox 56 2806 145 2866; x_wconf 87' lang='lat' dir='ltr'>meat,</span> <span class='ocrx_word' id='word_1_259' title='bbox 160 2799 296 2878; x_wconf 78' lang='lat' dir='ltr'>totusque</span> <span class='ocrx_word' id='word_1_260' title='bbox 312 2801 413 2861; x_wconf 89' lang='lat' dir='ltr'>deinde</span> <span class='ocrx_word' id='word_1_261' title='bbox 431 2799 506 2881; x_wconf 87' lang='lat' dir='ltr'>quast</span> <span class='ocrx_word' id='word_1_262' title='bbox 515 2802 661 2861; x_wconf 78' lang='lat' dir='ltr'>renascens</span> <span class='ocrx_word' id='word_1_263' title='bbox 677 2797 861 2880; x_wconf 78' lang='lat' dir='ltr'>rapidissimus</span> <span class='ocrx_word' id='word_1_264' title='bbox 880 2821 973 2860; x_wconf 91' lang='lat' dir='ltr'>crum·</span> <span class='ocrx_word' id='word_1_265' title='bbox 1039 2804 1043 2813; x_wconf 86' lang='lat'>&#39;</span> 
     </span>
     <span class='ocr_line' id='line_1_35' title="bbox 54 2874 985 2961; baseline 0.005 -27"><span class='ocrx_word' id='word_1_266' title='bbox 54 2874 100 2946; x_wconf 70' lang='lat' dir='ltr'>pit·</span> <span class='ocrx_word' id='word_1_267' title='bbox 119 2876 154 2936; x_wconf 84' lang='lat' dir='ltr'>ld</span> <span class='ocrx_word' id='word_1_268' title='bbox 170 2883 261 2939; x_wconf 90' lang='lat' dir='ltr'>ctiam</span> <span class='ocrx_word' id='word_1_269' title='bbox 281 2881 377 2940; x_wconf 82' lang='lat' dir='ltr'>videte</span> <span class='ocrx_word' id='word_1_270' title='bbox 390 2878 431 2940; x_wconf 91' lang='lat' dir='ltr'>est</span> <span class='ocrx_word' id='word_1_271' title='bbox 448 2885 478 2942; x_wconf 88' lang='lat' dir='ltr'>in</span> <span class='ocrx_word' id='word_1_272' title='bbox 494 2881 555 2961; x_wconf 90' lang='lat' dir='ltr'>ipso</span> <span class='ocrx_word' id='word_1_273' title='bbox 569 2882 660 2950; x_wconf 88' lang='lat' dir='ltr'>Nilo,</span> <span class='ocrx_word' id='word_1_274' title='bbox 678 2881 726 2939; x_wconf 80' lang='lat' dir='ltr'>vbi</span> <span class='ocrx_word' id='word_1_275' title='bbox 744 2881 774 2940; x_wconf 83' lang='lat' dir='ltr'>in</span> <span class='ocrx_word' id='word_1_276' title='bbox 798 2881 985 2958; x_wconf 14' lang='lat' dir='ltr'>Mauritania*</span> 
     </span>
     <span class='ocr_line' id='line_1_36' title="bbox 56 2946 975 3042; baseline 0.011 -32"><span class='ocrx_word' id='word_1_277' title='bbox 56 2946 210 3019; x_wconf 76' lang='lat' dir='ltr'>Cesariend</span> <span class='ocrx_word' id='word_1_278' title='bbox 222 2961 317 3021; x_wconf 84' lang='lat' dir='ltr'>denoci</span> <span class='ocrx_word' id='word_1_279' title='bbox 328 2959 449 3021; x_wconf 87' lang='lat' dir='ltr'>nascitur</span> <span class='ocrx_word' id='word_1_280' title='bbox 466 3004 475 3033; x_wconf 92' lang='lat'>,</span> <span class='ocrx_word' id='word_1_281' title='bbox 492 2982 525 3021; x_wconf 88' lang='lat' dir='ltr'>ac</span> <span class='ocrx_word' id='word_1_282' title='bbox 535 2959 618 3021; x_wconf 74' lang='lat' dir='ltr'>tetrici</span> <span class='ocrx_word' id='word_1_283' title='bbox 627 2959 700 3041; x_wconf 86' lang='lat' dir='ltr'>apud</span> <span class='ocrx_word' id='word_1_284' title='bbox 710 2959 865 3040; x_wconf 84' lang='lat' dir='ltr'>AEthyopar</span> <span class='ocrx_word' id='word_1_285' title='bbox 875 2960 975 3042; x_wconf 66' lang='lat' dir='ltr'>equod</span> 
     </span>
     <span class='ocr_line' id='line_1_37' title="bbox 55 3035 995 3122; baseline 0.013 -32"><span class='ocrx_word' id='word_1_286' title='bbox 55 3049 110 3092; x_wconf 88' lang='lat' dir='ltr'>non</span> <span class='ocrx_word' id='word_1_287' title='bbox 119 3035 190 3098; x_wconf 83' lang='lat' dir='ltr'>facit</span> <span class='ocrx_word' id='word_1_288' title='bbox 199 3044 232 3100; x_wconf 92' lang='lat' dir='ltr'>in</span> <span class='ocrx_word' id='word_1_289' title='bbox 243 3037 562 3120; x_wconf 80' lang='lat' dir='ltr'>Mauritanlainsetiori.</span> <span class='ocrx_word' id='word_1_290' title='bbox 577 3047 624 3118; x_wconf 26' lang='lat' dir='ltr'>,Vt</span> <span class='ocrx_word' id='word_1_291' title='bbox 633 3039 752 3121; x_wconf 86' lang='lat' dir='ltr'>proinde</span> <span class='ocrx_word' id='word_1_292' title='bbox 765 3041 795 3100; x_wconf 93' lang='lat' dir='ltr'>id</span> <span class='ocrx_word' id='word_1_293' title='bbox 803 3041 974 3122; x_wconf 80' lang='lat' dir='ltr'>argumento</span> <span class='ocrx_word' id='word_1_294' title='bbox 994 3087 995 3090; x_wconf 17' lang='grc' dir='ltr'>η</span> 
     </span>
     <span class='ocr_line' id='line_1_38' title="bbox 52 3107 973 3201; baseline 0.007 -25"><span class='ocrx_word' id='word_1_295' title='bbox 52 3107 98 3182; x_wconf 69' lang='lat' dir='ltr'>fit,</span> <span class='ocrx_word' id='word_1_296' title='bbox 114 3136 179 3194; x_wconf 78' lang='lat' dir='ltr'>eum</span> <span class='ocrx_word' id='word_1_297' title='bbox 190 3121 239 3182; x_wconf 88' lang='lat' dir='ltr'>hic</span> <span class='ocrx_word' id='word_1_298' title='bbox 247 3125 336 3201; x_wconf 88' lang='lat' dir='ltr'>prima</span> <span class='ocrx_word' id='word_1_299' title='bbox 346 3122 518 3183; x_wconf 84' lang='lat' dir='ltr'>incunabula</span> <span class='ocrx_word' id='word_1_300' title='bbox 527 3122 675 3192; x_wconf 90' lang='lat' dir='ltr'>obtinere,</span> <span class='ocrx_word' id='word_1_301' title='bbox 692 3121 751 3180; x_wconf 89' lang='lat' dir='ltr'>illie</span> <span class='ocrx_word' id='word_1_302' title='bbox 765 3119 892 3182; x_wconf 84' lang='lat' dir='ltr'>adultum</span> <span class='ocrx_word' id='word_1_303' title='bbox 906 3124 973 3182; x_wconf 80' lang='lat' dir='ltr'>viri·</span> 
     </span>
     <span class='ocr_line' id='line_1_39' title="bbox 55 3187 973 3284; baseline 0.001 -20"><span class='ocrx_word' id='word_1_304' title='bbox 55 3187 117 3283; x_wconf 52' lang='lat' dir='ltr'>biis,</span> <span class='ocrx_word' id='word_1_305' title='bbox 133 3220 183 3277; x_wconf 85' lang='lat' dir='ltr'>pec</span> <span class='ocrx_word' id='word_1_306' title='bbox 199 3223 328 3273; x_wconf 86' lang='lat' dir='ltr'>rnotnm,</span> <span class='ocrx_word' id='word_1_307' title='bbox 349 3223 434 3284; x_wconf 79' lang='lat' dir='ltr'>atque</span> <span class='ocrx_word' id='word_1_308' title='bbox 451 3195 543 3263; x_wconf 68' lang='lat' dir='ltr'>areles</span> <span class='ocrx_word' id='word_1_309' title='bbox 560 3224 636 3263; x_wconf 85' lang='lat' dir='ltr'>tettae</span> <span class='ocrx_word' id='word_1_310' title='bbox 654 3221 762 3262; x_wconf 83' lang='lat' dir='ltr'>meatus</span> <span class='ocrx_word' id='word_1_311' title='bbox 771 3201 973 3274; x_wconf 73' lang='lat' dir='ltr'>audiumsorae</span> 
     </span>
     <span class='ocr_line' id='line_1_40' title="bbox 57 3275 975 3366; baseline 0.011 -31"><span class='ocrx_word' id='word_1_312' title='bbox 57 3275 362 3363; x_wconf 69' lang='lat' dir='ltr'>&#39;lulentererumpeto</span> <span class='ocrx_word' id='word_1_313' title='bbox 391 3282 493 3364; x_wconf 82' lang='lat' dir='ltr'>Sitque</span> <span class='ocrx_word' id='word_1_314' title='bbox 510 3286 595 3343; x_wconf 87' lang='lat' dir='ltr'>etiam</span> <span class='ocrx_word' id='word_1_315' title='bbox 610 3287 743 3366; x_wconf 83' lang='lat' dir='ltr'>Gangem</span> <span class='ocrx_word' id='word_1_316' title='bbox 756 3279 787 3343; x_wconf 91' lang='lat' dir='ltr'>in</span> <span class='ocrx_word' id='word_1_317' title='bbox 799 3284 882 3344; x_wconf 87' lang='lat' dir='ltr'>India</span> <span class='ocrx_word' id='word_1_318' title='bbox 893 3327 908 3354; x_wconf 82' lang='lat'>„</span> <span class='ocrx_word' id='word_1_319' title='bbox 917 3286 975 3358; x_wconf 88' lang='lat' dir='ltr'>Ti-</span> 
     </span>
     <span class='ocr_line' id='line_1_41' title="bbox 59 3349 972 3447; baseline 0 -19"><span class='ocrx_word' id='word_1_320' title='bbox 59 3355 184 3447; x_wconf 54' lang='lat' dir='ltr'>grim&amp;</span> <span class='ocrx_word' id='word_1_321' title='bbox 204 3359 374 3444; x_wconf 82' lang='lat' dir='ltr'>Euphratem</span> <span class='ocrx_word' id='word_1_322' title='bbox 388 3363 418 3425; x_wconf 92' lang='lat' dir='ltr'>in</span> <span class='ocrx_word' id='word_1_323' title='bbox 446 3368 600 3435; x_wconf 85' lang='lat' dir='ltr'>Armenia,</span> <span class='ocrx_word' id='word_1_324' title='bbox 623 3353 671 3423; x_wconf 71' lang='lat' dir='ltr'>&#39;tbi</span> <span class='ocrx_word' id='word_1_325' title='bbox 709 3361 786 3424; x_wconf 72' lang='lat' dir='ltr'>urere</span> <span class='ocrx_word' id='word_1_326' title='bbox 806 3371 833 3424; x_wconf 71' lang='lat' dir='ltr'>dc</span> <span class='ocrx_word' id='word_1_327' title='bbox 858 3349 972 3445; x_wconf 74' lang='lat' dir='ltr'>placide</span> 
     </span>
     <span class='ocr_line' id='line_1_42' title="bbox 61 3386 973 3532; baseline 0.015 -38"><span class='ocrx_word' id='word_1_328' title='bbox 61 3450 206 3520; x_wconf 63' lang='lat' dir='ltr'>fruuntur,</span> <span class='ocrx_word' id='word_1_329' title='bbox 225 3449 329 3524; x_wconf 84' lang='lat' dir='ltr'>primas</span> <span class='ocrx_word' id='word_1_330' title='bbox 345 3447 528 3528; x_wconf 78' lang='lat' dir='ltr'>scaturigines</span> <span class='ocrx_word' id='word_1_331' title='bbox 543 3463 670 3526; x_wconf 83' lang='lat' dir='ltr'>acceptas</span> <span class='ocrx_word' id='word_1_332' title='bbox 688 3386 776 3506; x_wconf 68' lang='lat' dir='ltr'>serre,</span> <span class='ocrx_word' id='word_1_333' title='bbox 794 3451 895 3532; x_wconf 77' lang='lat' dir='ltr'>Qare</span> <span class='ocrx_word' id='word_1_334' title='bbox 906 3467 973 3508; x_wconf 86' lang='lat' dir='ltr'>cum</span> 
     </span>
     <span class='ocr_line' id='line_1_43' title="bbox 59 3507 1006 3609; baseline 0.013 -33"><span class='ocrx_word' id='word_1_335' title='bbox 59 3507 106 3576; x_wconf 66' lang='lat' dir='ltr'>lsta</span> <span class='ocrx_word' id='word_1_336' title='bbox 129 3519 212 3593; x_wconf 85' lang='lat' dir='ltr'>loca,</span> <span class='ocrx_word' id='word_1_337' title='bbox 229 3547 259 3585; x_wconf 79' lang='lat' dir='ltr'>ut</span> <span class='ocrx_word' id='word_1_338' title='bbox 277 3517 384 3586; x_wconf 71' lang='lat' dir='ltr'>dilium</span> <span class='ocrx_word' id='word_1_339' title='bbox 399 3517 457 3597; x_wconf 88' lang='lat' dir='ltr'>est,</span> <span class='ocrx_word' id='word_1_340' title='bbox 470 3526 543 3588; x_wconf 88' lang='lat' dir='ltr'>inter</span> <span class='ocrx_word' id='word_1_341' title='bbox 562 3527 589 3587; x_wconf 89' lang='lat' dir='ltr'>se</span> <span class='ocrx_word' id='word_1_342' title='bbox 607 3521 695 3608; x_wconf 68' lang='lat' dir='ltr'>longi</span> <span class='ocrx_word' id='word_1_343' title='bbox 713 3524 825 3588; x_wconf 60' lang='lat' dir='ltr'>disiecta</span> <span class='ocrx_word' id='word_1_344' title='bbox 845 3553 855 3594; x_wconf 74' lang='lat'>5</span> <span class='ocrx_word' id='word_1_345' title='bbox 877 3546 972 3609; x_wconf 86' lang='lat' dir='ltr'>neque</span> <span class='ocrx_word' id='word_1_346' title='bbox 1005 3555 1006 3558; x_wconf 42' lang='lat'>¹</span> 
     </span>
     <span class='ocr_line' id='line_1_44' title="bbox 58 3604 972 3690; baseline 0.009 -30"><span class='ocrx_word' id='word_1_347' title='bbox 58 3607 123 3681; x_wconf 73' lang='lat' dir='ltr'>lpus</span> <span class='ocrx_word' id='word_1_348' title='bbox 143 3604 259 3680; x_wconf 83' lang='lat' dir='ltr'>quidam</span> <span class='ocrx_word' id='word_1_349' title='bbox 274 3607 451 3685; x_wconf 79' lang='lat' dir='ltr'>srtsonetoto</span> <span class='ocrx_word' id='word_1_350' title='bbox 464 3627 596 3668; x_wconf 85' lang='lat' dir='ltr'>terrarum</span> <span class='ocrx_word' id='word_1_351' title='bbox 606 3606 696 3681; x_wconf 84' lang='lat' dir='ltr'>orbe,</span> <span class='ocrx_word' id='word_1_352' title='bbox 713 3629 747 3670; x_wconf 86' lang='lat' dir='ltr'>ex</span> <span class='ocrx_word' id='word_1_353' title='bbox 757 3608 972 3690; x_wconf 83' lang='lat' dir='ltr'>quorerofimi-</span> 
     </span>
     <span class='ocr_line' id='line_1_45' title="bbox 61 3665 971 3778; baseline 0.025 -49"><span class='ocrx_word' id='word_1_354' title='bbox 61 3665 276 3758; x_wconf 70' lang='lat' dir='ltr'>litereonieeiari</span> <span class='ocrx_word' id='word_1_355' title='bbox 286 3685 388 3770; x_wconf 82' lang='lat' dir='ltr'>poffit,</span> <span class='ocrx_word' id='word_1_356' title='bbox 403 3708 505 3752; x_wconf 79' lang='lat' dir='ltr'>omnes</span> <span class='ocrx_word' id='word_1_357' title='bbox 515 3681 693 3778; x_wconf 29' lang='lat' dir='ltr'>‚hoedueiee&#39;</span> <span class='ocrx_word' id='word_1_358' title='bbox 704 3687 971 3769; x_wconf 70' lang='lat' dir='ltr'>&#39;realitetdetiuaret¹</span> 
     </span>
    </p>
   </div>
   <div class='ocr_carea' id='block_1_3' title="bbox 0 0 1231 4296">
    <p class='ocr_par' dir='ltr' id='par_1_8' title="bbox 0 0 1231 4296">
     <span class='ocr_line' id='line_1_46' title="bbox 0 0 1231 4296; baseline 0 0"><span class='ocrx_word' id='word_1_359' title='bbox 0 0 1231 4296; x_wconf 95' lang='lat' dir='ltr'> </span> 
     </span>
    </p>
   </div>
  </div>
 </body>
</html>
