2454 4300
273 97 323 176 ξιξ
489 129 519 154 ,ν
605 81 895 152 [ῈΧΙΟΟΝ

228 173 229 178 ’
262 172 432 259 tempesturtt
453 212 462 242 ,
486 168 691 240 Gallicin'iunt,
703 172 936 243 turturinum&
949 171 1129 248 diluculum,
1148 168 1201 242 stul

263 268 383 324 Aurora.
403 255 495 334 Vesper
511 251 551 314 est
568 269 602 310 ea
618 273 699 331 pers,
720 272 782 331 quae
793 253 990 332 complectitur
1000 257 1161 320 modicum
1170 265 1200 322 il·

263 343 314 406 lud
325 339 453 415 tenipus,
469 353 528 415 quo
537 332 579 392 sol
587 332 772 392 horizontem
782 335 1031 406 occiduumradir,
1050 345 1081 406 ὃς
1103 339 1201 404 adhue

263 425 296 484 in
310 422 406 499 aliqua
425 414 467 475 sui
487 431 563 494 parte
585 413 751 490 conspicuus
771 413 821 478 est,
844 417 1039 494 crepusculum
1051 417 1199 482 esttotum

263 501 337 566 illud
352 516 461 576 ternpus
478 515 537 574 quo
557 494 599 554 sol
616 491 741 554 consistit
757 492 1198 577 tittdlireamcrepuseulinam,

265 579 344 664 quod
353 578 472 658 spatium
482 576 508 635 se
518 573 647 634 extendit
656 574 691 635 ad
704 583 745 634 ιδ.
755 574 857 652 gradus
865 575 940 636 infrri
949 574 1142 640 horizontem
1154 625 1163 650 ,
1173 591 1198 642 u

262 655 608 737 haelineaerespueulina
623 654 779 721 claudicat,
794 656 825 714 in
843 677 902 734 quo
913 657 1031 735 proinde
1043 658 1144 738 spatio
1154 665 1195 721 tu.-

261 763 328 804 eem
348 742 427 800 illato
446 733 624 804 suobscurant
640 735 805 794 transmittit
824 735 860 795 ad
875 737 997 814 superius
1018 736 1194 821 hemisphe-

262 825 495 901 riumquamnos
506 817 696 895 etespueulum
706 834 850 876 vorantur.
871 816 941 878 Inde
956 815 1084 898 sequitur
1092 829 1194 882 Cereri·

263 909 369 965 tiniam
382 945 402 974 „
418 909 445 962 δι
456 893 496 958 est
517 899 664 958 obscurum
672 898 803 956 nodi‘itin
819 913 877 978 quo
896 898 986 959 solent
1002 914 1108 960 ornnes
1124 925 1195 963 con·

264 983 415 1054 titeseete,
436 988 463 1042 dt
479 979 590 1040 cubare.
619 976 686 1036 Post
700 975 889 1054 conticinium
910 978 1035 1060 sequitur
1050 991 1194 1063 Intempe-

259 1067 355 1142 ssum,
373 1062 452 1144 quod
460 1059 498 1120 est
506 1057 749 1128 mediumnodtis,
767 1060 884 1138 quando
899 1058 941 1130 sol
957 1058 1193 1138 possidetCatdi·

207 1197 212 1206 ,
238 1175 246 1196 .-
264 1141 499 1210 nent'lmiCaelit
513 1135 1100 1218 IntempestuntsubsequiturGelle'eiree‘urn
1110 1146 1190 1225 quod

237 1247 239 1252 ·
264 1227 306 1288 ell
319 1227 444 1303 spatium¹
455 1220 608 1298 temporis,
629 1237 687 1296 quo
696 1218 764 1298 galli
775 1221 925 1298 gallinacei
942 1223 1067 1300 prinum
1074 1245 1190 1286 eantare

262 1309 416 1386 incipiunt.
441 1300 555 1362 Deinde
575 1297 660 1360 instet
675 1309 856 1356 Marutenum
871 1299 917 1360 stu
929 1305 1108 1366 Matutinutn
1121 1313 1190 1365 Cre·

261 1385 427 1469 puseolum,
444 1379 561 1461 quando
579 1378 626 1440 sol·
637 1379 725 1438 intrat
735 1379 841 1438 lineum
852 1379 1092 1460 crepusculinant‚
1111 1393 1140 1444 dt
1153 1387 1190 1446 fa·

261 1471 301 1528 eit
311 1469 412 1526 iterum
421 1459 707 1522 suboscurantluetnr.
728 1460 757 1517 T
759 1460 861 1520 andern
871 1461 1007 1521 subintrat
1018 1466 1187 1526 Diluculreen·

261 1546 379 1629 quando
389 1543 430 1602 est
442 1546 499 1604 iarn
509 1540 671 1617 elutediese,
685 1547 713 1600 et
730 1545 841 1600 Aurora
857 1561 865 1602 5
883 1542 1187 1607 sedramensoladhue
1219 1529 1220 1610 l

262 1649 296 1687 ex
306 1617 435 1690 inferiori
445 1621 640 1701 hemisphoerio
650 1641 710 1680 non
721 1619 840 1692 emersit,
1219 1613 1220 1652 ³

194 1717 237 1786 36.
293 1709 398 1773 Nuuts
416 1703 494 1763 aliud
519 1701 603 1782 plene
621 1722 680 1760 non
699 1699 756 1770 est,
773 1721 857 1780 quant
875 1699 1002 1782 vapotvi
1018 1699 1142 1766 fiderunt
1154 1725 1184 1764 ex

262 1786 444 1853 inferioribus
455 1779 531 1842 hisce
542 1784 571 1842 ln
586 1779 736 1842 secundani
745 1783 815 1840 a‘eris
825 1785 975 1866 regionem
986 1789 1137 1856 attractus,
1147 1808 1183 1845 ar·

262 1865 529 1960 queaddensatusvt
539 1861 717 1922 habetllrist.
729 1879 751 1920 1.
766 1869 878 1922 Mereor.
892 1885 914 1922 e.
927 1882 942 1927 9
965 1866 1014 1943 qui
1025 1865 1043 1923 fi
1054 1869 1086 1926 in
1098 1888 1183 1946 aquae

262 1951 417 2010 resoluatur
424 1939 524 2006 dicitur
535 1944 642 2023 pluuia,
652 1941 868 2011 nitebunirnber
877 1985 886 2012 ,
896 1965 948 2023 pru
957 1947 1098 2024 qualitate
1108 1949 1182 2008 deti·

261 2031 392 2092 dentium
407 2043 550 2108 guttarum
562 2022 600 2086 es
609 2042 696 2085 verot
740 2024 763 2080 ir
773 2024 890 2093 incubet
900 2065 908 2091 ,
920 2046 973 2084 nec
982 2025 1021 2086 ob
1029 2025 1182 2097 raritatem,

205 2125 210 2137 ·
262 2112 308 2172 vel
326 2109 552 2171 exhaltationum
568 2101 683 2164 ,admixt
781 2104 1021 2177 multitudinem,
1042 2111 1138 2168 valeat
1152 2111 1180 2167 in

282 2193 389 2252 luuiam
410 2189 512 2248 resolui
530 2185 632 2246 dicitur
655 2180 778 2248 nebula,
802 2191 829 2243 dt
850 2185 970 2264 caligo,
1000 2208 1064 2266 quae
1086 2184 1179 2270 posted

262 2295 279 2332 a
298 2271 363 2332 solit
380 2263 485 2336 radiis,
499 2268 544 2326 tel
554 2264 569 2324 ὲ
580 2267 669 2324 uentis
679 2263 854 2334 diffluitur,
873 2257 1061 2344 &diffipatun

291 2350 450 2414 Nuntius
461 2345 573 2409 deliniri
583 2347 654 2406 solet
661 2345 850 2405 communiter
865 2345 919 2404 erse
935 2351 1089 2406 l'nr'tareem
1105 2352 1178 2408 rolle-

220 2418 232 2480 ’.
260 2427 655 2502 mamm,.seurxurrimibrer
670 2425 840 2501 compofita'm
848 2426 1080 2488 multitudinem
1102 2431 1177 2490 itaut

260 2516 353 2574 vnitas
363 2511 422 2591 ipsu
432 2527 632 2590 numerusnon
645 2504 774 2573 die'atur,
790 2507 836 2566 sed
847 2501 963 2565 initium
981 2510 1107 2568 numeri.
1133 2511 1176 2570 Est

261 2591 406 2658 obieeium
422 2587 636 2656 Arithmet'ieae,
655 2592 792 2665 quatenus
810 2588 869 2645 eius
890 2584 1045 2663 paffiooes,
1067 2611 1176 2668 propot·
1218 2617 1219 2678 p

258 2677 375 2741 tiones,
393 2669 546 2741 ordinem,
565 2688 650 2747 atque
674 2663 808 2725 uniusad
836 2664 955 2724 alterurn
979 2665 1172 2730 habitudinem
1218 2683 1219 2736 l

259 2753 426 2815 considerat.
452 2751 533 2811 Hine
550 2742 624 2827 apud
640 2767 745 2826 graeeos
764 2746 890 2822 rythmus
909 2747 1086 2826 appellatur,
1103 2749 1173 2830 quod

151 2833 157 2845 '
257 2832 494 2918 proportionem,
512 2826 831 2890 &harmoniamsonatt
843 2825 1042 2905 Apudreteter
1052 2831 1171 2890 nonnisi

258 2915 564 2976 adsummumeentum
572 2905 901 2987 milliumpettingebat,
919 2907 1171 2970 vtauthorelll'li·

258 2998 325 3058 niue
333 2997 420 3066 tibur.
433 3008 480 3070 rap
493 2989 537 3050 td.
553 2993 655 3051 Verum
665 2986 753 3048 hodie
762 2985 884 3068 usquein
894 2979 1039 3048 infinitum
1051 2987 1169 3068 protrahi

257 3074 353 3158 potest
369 3093 446 3142 arte,
467 3079 493 3132 &
511 3071 654 3151 praeceptis
670 3065 753 3128 huius
769 3067 995 3148 vere'dngeli'cae
1012 3067 1168 3150 discipline,

259 3177 322 3236 quae
340 3153 516 3236 Angelorum
533 3149 708 3211 hierarchice
721 3169 839 3210 numeru
858 3151 978 3226 prinum
995 3150 1170 3210 inuenteere·

257 3237 352 3305 ditur,
375 3253 459 3314 atque
477 3233 652 3314 Angelorum
667 3229 843 3300 ministerio,
864 3246 894 3286 vt
915 3245 948 3290 ex
966 3227 1048 3289 neris
1064 3233 1168 3312 paginis

259 3315 395 3388 habetur,
414 3309 508 3393 pallini
519 3309 842 3386 horninibueinlinuata.
867 3309 932 3389 Egit
947 3309 1163 3372 denumtrorum

256 3397 395 3476 mysteriis
412 3395 524 3476 sparum
537 3395 569 3452 in
586 3389 640 3452 seis
656 3387 786 3468 operibus
807 3389 1004 3472 Augustinus,
1028 3393 1166 3470 presertim

255 3499 328 3538 tom.
340 3501 362 3552 3.
379 3483 445 3548 &4.
456 3480 617 3553 Eorumque
639 3472 740 3530 miram
757 3471 991 3552 proportionem,
1009 3471 1165 3549 processum,

254 3562 341 3627 vim,
363 3558 559 3634 qualitatem,
579 3551 750 3622 diuisionem
776 3553 931 3612 luculenter
952 3553 1071 3630 explieat
1091 3557 1163 3610 Mae·

250 3637 466 3714 siliur⁰Fitiuut
492 3639 526 3700 in
549 3631 726 3714 expufitiune
741 3636 852 3696 numeri
866 3632 1003 3714 nuptialis
1022 3630 1157 3714 Reipubli-

237 3959 254 3994 ·
458 3925 468 4008 l
