2446 4296
283 159 322 224 76
439 163 441 167 “
496 205 498 211 ,
600 155 662 213 LE
686 157 714 212 X
730 153 745 211 l
764 155 789 212 C
806 153 883 214 ΟΝ
1212 149 1213 176 ¹

191 269 194 272 -
269 174 328 294 lloc
338 231 417 314 quod
426 232 496 293 dicit
508 237 576 306 Deo
586 253 646 292 rem
656 233 816 312 improbam
826 234 889 294 lore
903 229 1090 296 annumerare
1106 241 1184 297 ltetuat¹

269 312 382 383 stellas„
395 331 482 394 atque
497 312 533 374 ad
548 312 679 392 sormam·
689 313 867 394 expandere,
884 314 964 402 quod
978 315 1074 377 ausum
1086 317 1136 379 else
1146 319 1183 378 di·
1200 358 1205 375 .

268 396 309 455 cit
320 393 534 474 Hipparchum,
544 415 605 455 non
620 395 839 490 satiaintelligo.
1128 461 1131 468 ι

193 487 247 544 50.
302 479 441 536 Catterunr
451 475 485 534 de
494 473 554 534 istis
571 475 659 536 stellis
676 474 819 536 variafurt
836 495 899 536 tum
907 477 1110 558 antiquorum,
1131 495 1182 541 tum

270 553 456 616 recenfiorum
468 553 706 617 Astronotnorurn
716 558 831 634 opinio.
843 557 1036 627 Democritus,
1047 560 1185 634 euiursen·

270 638 391 694 tentiam
410 638 543 718 ampledli
554 638 664 698 videtur
681 637 808 698 bodinus
817 636 865 703 ub,
877 638 1048 708 2,Theatrr',
1064 639 1184 700 somnii·

270 719 328 784 uir,
340 715 387 776 e'ar
399 718 455 777 else
469 715 618 780 illustrium
626 721 752 778 uirorum
770 738 899 788 menter,
913 717 1132 801 quapostquarn
1143 724 1182 780 ir·

268 799 492 859 numerabilibus
506 799 604 876 seculis
620 801 772 882 viguerunt
787 800 818 858 in
830 800 927 868 terris,
937 800 1055 861 tandem
1074 803 1180 866 obitutae

269 897 413 938 extremos
428 899 568 961 peragunt
583 879 742 960 triumphos
762 921 772 949 ‚
794 899 841 938 aut
861 882 893 940 in
918 881 1016 940 caelutn
1032 879 1181 952 stellatum,

289 958 346 1018 uasr
360 960 508 1041 splendida
521 959 613 1021 sidera
629 962 858 1030 irrorantur,ac
876 954 1022 1040 profiterei
1037 961 1181 1042 sequuntur

265 981 377 1112 sames,
397 1043 489 1104 morbi
511 1042 678 1122 populares,
692 1062 725 1100 ae
740 1042 839 1101 ciuilia
847 1041 924 1100 bella
937 1083 946 1110 ,
963 1041 1180 1122 quafiCiuitarer

266 1127 302 1184 &t
311 1125 409 1202 populi
421 1123 537 1184 ducibus
551 1123 608 1184 illis
617 1123 755 1203 optimis,
766 1129 793 1182 dt
809 1122 1067 1206 gubernatoribus,
1084 1126 1133 1205 qui
1142 1125 1179 1184 di·

265 1202 342 1262 uisos
361 1203 470 1263 furores
486 1202 660 1280 placabant,
687 1203 888 1266 desererentur.
910 1200 1077 1263 Aristoteles
1095 1208 1179 1264 minut

266 1283 383 1343 abliirdb
394 1285 465 1344 dixit
475 1301 629 1358 earonrnes
637 1286 720 1366 gigni
730 1303 764 1342 ex
776 1285 894 1344 materia
912 1285 1079 1344 elementari
1090 1285 1179 1354 ,serri-

269 1385 324 1444 que
342 1363 497 1446 aliquando
513 1361 548 1422 ad
564 1363 651 1443 ipsam
669 1366 819 1446 regionem
837 1362 987 1426 aetlteteam
1003 1371 1178 1447 :Sequuntur

269 1465 334 1503 eum
345 1467 407 1505 non
417 1445 500 1524 pauci
508 1443 725 1513 recenfiores‚eo
733 1444 875 1517 maximi,
887 1445 964 1525 quod
979 1445 1068 1526 polita
1083 1447 1177 1508 caelortl

267 1527 447 1586 fluxibilitate
457 1568 466 1596 ‚
475 1527 536 1585 iarn
549 1527 590 1585 nil
609 1525 719 1585 obstare
729 1528 935 1608 videtur,quin
945 1527 1034 1598 iidem
1045 1533 1175 1596 Cometa,

231 1611 236 1622 '
267 1610 317 1688 qui
333 1609 363 1665 in
375 1607 495 1688 regione
503 1611 584 1667 a‘e'rea
593 1605 810 1690 generations
821 1605 974 1668 subtilioris
986 1607 1175 1677 materiaelint,

265 1686 368 1765 possint
386 1689 467 1746 orbes
492 1687 667 1766 planetarum
685 1687 880 1748 transcendere
899 1729 908 1757 ,
931 1705 1016 1768 atque
1040 1689 1127 1748 etianr
1146 1689 1175 1748 ad

218 1796 221 1809 ·
264 1769 762 1849 ipsum'Firmamentumperuenire,
773 1768 820 1828 vbi
834 1767 931 1848 postea
940 1768 1057 1848 perinde
1067 1790 1099 1829 ac
1108 1768 1173 1828 astra

262 1850 423 1934 refulgeant
433 1893 442 1920 ,
453 1849 635 1932 quoadusque
647 1869 746 1911 eorum
757 1851 874 1908 materia
890 1847 1003 1928 penitus
1013 1850 1068 1908 abs
1126 1868 1174 1914 tur.

261 1933 372 2016 Quod,
388 1932 569 2016 praecaeteris,
585 1932 686 1992 acriter
707 1928 823 1993 sustinet
838 1871 1174 2015 Cllrystophorutssth·

260 2033 393 2082 mannus.
419 2079 422 2084 Δ
812 2073 816 2080 .

229 2123 235 2138 ·
294 2102 398 2156 Verum
416 2093 463 2154 etsr
482 2091 555 2155 sortd
573 2091 641 2152 huic
657 2093 696 2160 rei
713 2109 772 2152 nori
790 2089 958 2174 obsterjipsa
972 2091 1104 2154 calorum
1117 2093 1173 2152 sub·

259 2174 380 2247 stantia,
392 2175 492 2258 quaesrt
508 2173 653 2250 fluxibilis,
662 2181 690 2232 δε
699 2172 935 2254 ρεπ,εοη[οςικηε
945 2171 1084 2233 sacillimd
1093 2175 1172 2233 etiaar

201 2252 203 2254 ’
258 2253 361 2320 attrahi
381 2253 654 2334 dstderibuspoll'rnt
670 2252 836 2330 ¹huiusmodi
855 2252 1169 2334 ignitaeexhalationert
1210 2307 1211 2310 ,

258 2355 383 2398 attamen
400 2359 462 2400 non
474 2339 585 2408 ridetur
600 2334 754 2404 credibile,
772 2355 819 2393 ear
835 2353 915 2395 tanto
935 2353 1064 2412 tempore
1081 2335 1169 2394 durare

222 2429 223 2434 ’
254 2419 334 2500 polle
346 2423 426 2491 ,tum
435 2417 515 2482 stella
528 2414 682 2494 Calliopea
692 2415 899 2496 duosintegros
911 2414 1017 2475 durarit
1028 2436 1120 2476 annos
1130 2422 1169 2485 ,lt

255 2499 291 2562 de
309 2522 342 2560 ea
357 2523 419 2582 quae
436 2499 565 2580 apparuit
582 2518 660 2557 anno
680 2508 767 2557 1600.
785 2497 815 2555 in
826 2497 940 2574 ptdlore
951 2498 1048 2578 Cygni
1063 2495 1169 2556 testatur

254 2581 412 2644 Blancanus
424 2581 520 2662 adtrsqt
531 2579 610 2638 suum
620 2597 730 2658 ternpus
746 2575 851 2636 hocesl
860 2597 938 2637 anno
951 2587 1033 2636 1616.
1042 2575 1168 2637 fuisseti-

254 2658 500 2742 srbilem,*quando
511 2666 638 2720 Cometae
648 2661 677 2717 in
687 2662 750 2716 a'efre‘
767 2669 932 2736 apparenter
943 2660 988 2716 vir
1004 2657 1041 2718 ad
1052 2657 1167 2718 mensem

254 2743 352 2808 durare
359 2743 460 2804 solent.
480 2741 592 2802 Deinde
604 2739 678 2798 vnde
689 2759 803 2798 emanat
813 2755 891 2796 tanta
903 2737 1168 2799 exhalationumco·

256 2829 305 2910 pia
317 2871 324 2896 ,
336 2812 398 2906 quat
409 2825 443 2886 ad
460 2824 557 2886 c'aelum
567 2820 654 2900 vsque
673 2818 790 2879 lixarum
800 2817 880 2898 posfit
891 2817 1057 2889 ascendere,
1074 2821 1166 2898 ibique

253 2909 387 2975 accensa,
399 2905 449 2968 liat
468 2898 678 2984 probetifibilir
693 2899 852 2960 enoncertl
869 2897 885 2958 ὲ
904 2920 992 2968 terra,
1026 2920 1067 2959 uae
1086 2899 1166 2960 stota

252 2990 289 3049 ad
305 2989 391 3049 sidera
410 2981 563 3047 euolatetd
578 2983 645 3041 loco
656 2981 702 3040 rbi
713 2981 802 3041 modo
821 2923 1067 3049 consistitrrileri
1085 2981 1121 3041 ob
1130 2979 1165 3038 sui

251 3073 421 3131 tenuitatem
438 3062 559 3126 minine
577 3060 666 3143 pollet
678 3061 889 3138 cumipsa'terr‘a
905 3060 941 3120 ad
953 3064 1162 3142 Firmamentum

211 3165 214 3172 “
249 3153 339 3211 relata
354 3146 493 3208 sehabeat
511 3143 685 3222 rrpunerum
696 3149 740 3212 ,dc
756 3145 878 3202 minima
889 3140 968 3202 stella
982 3140 1099 3203 iitibilir
1115 3143 1164 3201 Pir·

151 3231 154 3240 ’
249 3230 444 3300 mamenti,bis
453 3226 553 3288 nonies
563 3222 595 3282 lit
608 3243 680 3283 terra
690 3225 863 3284 maior.Non
878 3242 947 3304 ergo
960 3243 1037 3283 noua
1048 3223 1163 3303 phreno-

247 3335 334 3383 mena
351 3311 537 3392 suprdorbern
547 3305 658 3370 Saturni
669 3305 726 3364 risa
736 3305 789 3364 esl'e
800 3303 912 3384 possunt
927 3325 962 3362 ex
981 3306 1099 3363 materia
1113 3304 1162 3360 ele·

246 3396 369 3460 mentori
380 3401 599 3474 coagmentata,
611 3384 657 3443 sed
669 3385 823 3446 necessario
833 3385 937 3446 debent
948 3381 1002 3462 else
1018 3407 1052 3444 er
1067 3383 1121 3465 ipsa
1128 3403 1162 3442 re·

180 3519 182 3524 -
255 3497 333 3561 gone
346 3475 476 3546 aetlrerea.
503 3469 607 3529 Melius
625 3465 844 3546 philosophqrtrr
859 3465 995 3543 uyrhoras
1011 3479 1109 3546 putans
1121 3482 1161 3522 ear

178 3613 186 3617 ,
245 3581 307 3620 nora
328 3552 381 3616 esse
400 3555 434 3621 de
447 3573 529 3615 nouo
550 3550 682 3630 genitas,
698 3547 744 3610 sed
763 3570 796 3608 ex
810 3569 949 3627 perpetuo
964 3546 1072 3606 recursu
1091 3545 1161 3602 terrie

241 3630 448 3720 'approlrimari,
461 3633 580 3712 fierique
601 3627 724 3690 visibiles
740 3671 747 3698 ,
764 3631 842 3689 cuius
862 3630 1032 3708 opinionem
1051 3622 1161 3686 minimi

239 3711 705 3802 absurdame-xillimatsslancanur
715 3752 725 3784 ,
736 3709 835 3773 dicent
851 3710 918 3774 ideo
930 3730 978 3772 ear
994 3710 1155 3800 nouitque
