2512 4302
244 159 288 215 44
448 141 968 211 PHYSIO·THEOLOG-lh‚.

243 242 312 288 nam
322 219 515 281 defellionem
524 242 602 280 anno
613 221 696 280 huius
707 221 797 284 saculi
816 221 1032 307 quadragesimo
1044 218 1174 300 septimo

195 329 200 338 ·
246 293 1171 382 sachamaltttipraecedentissoeculiabeiusdemnominiahomun-

247 381 622 443 cioneeodetnannomotae
640 377 749 462 optimi
770 382 952 462 respondille.
985 385 1018 444 Vt
1035 388 1097 442 iam
1107 386 1173 444 nul·-

245 465 288 524 lut
299 461 445 524 dubitandi
455 465 531 522 locus
543 464 712 532 relictusne,
729 463 788 528 haec
806 467 906 528 omnia
921 465 971 524 stbi
986 465 1171 524 inuicemco·

245 543 366 612 harere,
382 550 407 600 &
420 547 608 624 quamtumuis
618 565 734 613 natura,
752 546 943 614 conditione,
960 565 1110 622 tempote‚
1126 564 1172 607 aut

166 624 168 630 ’
245 627 312 684 loeo
330 623 418 682 dissita
438 645 538 686 mutuo
553 625 678 706 quodam
695 624 875 705 sympathia,
896 624 1101 707 antipathian
1110 630 1169 687 tiu·

247 704 499 786 culoeontplicati.
1035 721 1038 728 ’

202 787 230 836 6·
276 791 381 846 Verum
399 808 428 845 vt
447 786 516 868 quid
532 783 681 867 Phalangij
700 787 784 846 ntitas
801 787 987 846 conditiones
1003 827 1010 852 ,
1033 793 1063 845 be
1078 786 1175 850 offella

146 861 154 878 ⁶
246 887 398 946 ptaeteteo,
416 868 494 948 quod
510 870 541 926 in
558 867 585 927 se
598 887 657 926 vno
670 888 770 926 omnes
790 868 935 946 praedictos
943 864 1083 936 effeetus,
1097 888 1171 928 natu·

246 967 338 1026 taeque
356 969 450 1008 motus
471 950 618 1017 eontinet,
634 948 825 1027 supetatque?
847 950 892 1012 bst
910 948 940 1008 id
951 969 983 1006 ea
994 957 1171 1009 Araneotuut

240 1047 351 1111 ,genere
366 1031 398 1088 in
411 1029 511 1109 Apulia
531 1028 682 1109 frequens,
695 1031 773 1109 nigri
782 1030 905 1096 colotis,
927 1037 952 1086 δι
970 1027 1070 1088 morsu
1082 1033 1163 1109 petui-

248 1107 426 1170 ciofiffimuut
438 1133 446 1170 t
458 1114 593 1190 Namque
603 1111 649 1168 vbi
666 1111 790 1187 aliquem
802 1111 952 1192 pupugerit
965 1151 972 1178 ,
990 1128 1064 1170 mox
1079 1113 1166 1179 illuu,

188 1244 197 1262 ,
247 1209 302 1250 nec
322 1187 374 1250 nifi
393 1150 487 1268 elaplo
505 1211 601 1255 anno,
620 1190 685 1250 ditae
705 1187 868 1251 affedliontt
888 1193 1048 1267 corripiunt
1061 1191 1173 1260 adolet,
1234 1162 1235 1252 l

272 1271 372 1338 audet,
387 1271 527 1339 tristatur,
545 1272 652 1330 exultat
663 1277 676 1338 ,'
691 1289 777 1350 atque
796 1273 831 1332 ad
848 1265 944 1332 cettos'
962 1270 1106 1331 sonorun
1117 1293 1172 1331 uto·
1234 1268 1236 1342 l

249 1289 332 1411 dulos
342 1351 421 1409 saltat
432 1348 591 1430 apponte&
603 1354 633 1409 in
644 1371 792 1412 numerum
814 1395 823 1422 ,
841 1371 1017 1432 quamquam
1027 1353 1176 1432 priuisotu·
1236 1374 1237 1442 p

250 1431 1078 1513 nemsaltationisordinemignotaffet;,illumspeculum,
1100 1434 1178 1492 illum

251 1516 321 1571 cetti
331 1510 436 1572 colotis
444 1514 530 1582 uittae‚
541 1514 623 1578 illum
633 1513 752 1573 nudatus
762 1513 832 1573 ensis
841 1514 1006 1583 oblectant,
1024 1535 1081 1574 nee
1092 1513 1177 1574 finem
1237 1545 1238 1554 2

252 1592 397 1652 saltationi
409 1593 497 1663 satit,
513 1594 659 1674 quousque
675 1591 771 1654 eff'oeto
782 1616 898 1674 corpote
909 1597 984 1654 vitus
994 1598 1126 1654 omnein
1138 1595 1180 1652 su·
1238 1637 1239 1640 ,

253 1672 352 1738 dotem
364 1671 485 1732 dehiscit
496 1695 504 1734 t
516 1695 573 1754 quo
585 1670 682 1753 posted
691 1675 726 1734 ad
735 1674 806 1734 duos
815 1717 823 1744 ‚
832 1695 879 1736 aut
888 1696 941 1734 ttes
950 1675 1010 1733 dies
1018 1675 1181 1734 saltationis

253 1753 420 1833 absumpto,
437 1756 543 1814 leuatur
557 1775 646 1835 aeger,
667 1762 694 1814 δι
715 1757 776 1816 dira
792 1757 830 1816 ila
849 1753 1040 1834 symptomata
1064 1755 1185 1828 cessant,

253 1840 358 1894 Verum
374 1855 531 1894 reuertente
551 1855 629 1894 anno
641 1836 741 1896 eadem
757 1836 865 1915 pcotsus
882 1835 1022 1904 methodo
1033 1855 1183 1896 reuertun-

253 1929 319 1985 tur,
337 1936 390 1976 nec
407 1913 530 1977 omnini)
548 1916 672 1976 abscedit
686 1917 889 1976 anniuersarius
899 1911 1013 1978 morbus
1024 1916 1122 1976 donec
1133 1939 1184 1976 ex·
1241 1906 1242 1959 l

256 1995 846 2078 tindbabestiola,petsympathiamfflpsia
856 1997 983 2058 venefica
1000 2001 1126 2077 qualitas
1158 2019 1185 2056 et
1242 2012 1243 2054 l

256 2076 346 2157 ipsam
356 2080 414 2138 istu
423 2074 577 2138 transmissa
586 2080 613 2137 in
625 2077 750 2154 humano
762 2097 879 2157 corpote
887 2082 1115 2160 extinguatutmi
1126 2020 1185 2137 tbr·
1243 2116 1244 2158 q

257 2159 286 2218 te
297 2159 382 2217 alicui
398 2158 565 2220 incredibile
585 2159 730 2229 uideatur,
746 2159 824 2240 quod
841 2181 895 2240 ptae
908 2162 1011 2218 eaetetis
1024 2179 1108 2218 notat
1118 2162 1187 2218 Kit-

256 2237 356 2300 chctus
373 2241 405 2297 in
422 2246 488 2300 Attc
499 2241 665 2322 Magnetica
675 2240 710 2300 ad
720 2243 839 2322 triginta
852 2239 971 2318 amplius
981 2239 1185 2298 annosuixill'e

256 2320 437 2390 tarantulam,
448 2342 509 2400 qua:
519 2321 589 2380 olim
600 2321 694 2380 nescio
706 2343 791 2400 quern
802 2341 864 2379 toto
878 2320 934 2381 hoc
945 2319 1185 2398 temporisspatio

258 2400 361 2460 morbo
371 2400 566 2475 huiuscemodi
575 2402 721 2461 laborant&
733 2399 1021 2462 momorderat.Citcd
1029 2420 1190 2480 quamretn

259 2482 397 2544 adnotate
406 2483 473 2544 licet
481 2478 615 2562 plutimaa
624 2482 706 2542 huius
718 2483 810 2541 morbi
819 2481 983 2543 affesliones
992 2477 1078 2561 planb
1099 2482 1188 2539 mita·

259 2563 348 2630 biles,
369 2583 543 2643 omnemque
559 2561 673 2622 humani
685 2583 781 2639 captus
795 2566 886 2622 aciem
902 2562 1056 2644 fugientes.
1085 2559 1185 2620 Ptimb

261 2648 374 2705 Veneni
394 2645 552 2704 inauditam
568 2645 653 2724 usque
670 2643 891 2703 adebxnatutam
913 2643 1129 2719 &qualitatem
1151 2639 1189 2698 ad

260 2727 362 2795 saltus,
381 2725 641 2792 &aliahuiusmodi
653 2726 828 2784 incitantem.
854 2723 986 2782 Secundb
996 2743 1055 2781 non
1067 2741 1195 2802 onmem⁸

261 2807 365 2866 sonum
380 2804 496 2866 cuiuitd
511 2804 671 2884 Phalangio
687 2807 746 2864 islo
763 2804 918 2862 conducere
933 2802 1187 2870 sedeumtantum,

263 2890 313 2968 qui
330 2886 481 2946 bestiolam
497 2885 1040 2964 ferientemlobl&lentiusqueperuerso
1050 2883 1143 2962 genio
1154 2878 1186 2939 fit

265 2967 390 3029 arridens
405 2965 608 3046 aubi-lepidum
618 2965 658 3026 est
667 2966 744 3046 quod
753 2964 927 3024 narratidctn
940 2963 1112 3030 Kitchetus,
1133 2962 1186 3020 set·

265 3069 364 3108 uatam
379 3049 453 3124 apud
473 3047 661 3120 Andtiensem
684 3045 832 3106 Dutillam
857 3043 1018 3104 huiusmodi
1035 3041 1189 3102 bestiolam

267 3129 447 3191 christallino
465 3130 528 3190 vase
540 3127 695 3194 inclusam,
710 3145 773 3186 cum
782 3123 856 3201 ptius
866 3125 904 3184 od
917 3124 1041 3184 diuersos
1051 3123 1194 3184 sonorum

267 3211 372 3274 modos
396 3214 519 3271 immota
533 3207 701 3288 perstiterit,
721 3215 787 3264 m'ox
810 3205 980 3284 nescioquo
998 3203 1188 3263 instrumento

268 3294 395 3373 pulsato,
413 3313 497 3373 atque
513 3291 549 3353 ad
567 3287 834 3351 cettamhatmonia:
848 3285 970 3365 speeiem
988 3283 1091 3352 tenso,
1110 3286 1190 3342 illam

268 3371 439 3444 subsiluiffe,
460 3395 492 3434 ac
509 3373 594 3431 motis
613 3370 649 3429 ad
666 3387 799 3428 numeros
819 3365 936 3426 chelulit
954 3362 1079 3444 apprime
1101 3364 1190 3443 ttipu·

270 3453 368 3514 diasse.
388 3454 491 3514 Tettib
503 3454 630 3512 locorum
639 3451 768 3530 quamuis
779 3445 950 3514 distantiam,
961 3465 1007 3506 aut
1017 3444 1189 3526 propinqui·

271 3554 360 3594 tatem
379 3534 446 3594 huic
461 3535 552 3594 motui
571 3553 630 3592 uon
654 3531 786 3596 officere,
805 3549 856 3586 nec
876 3524 1002 3605 prodesse
1018 3551 1026 3592 ;
1044 3523 1092 3584 etli
1110 3525 1189 3582 enim

270 3616 431 3761 phalangio
441 3617 512 3676 iebus
538 3613 617 3672 toeul
629 3611 768 3678 abscedat,
786 3627 872 3689 atque
882 3610 912 3667 itt
922 3609 1052 3689 regiones
1061 3623 1126 3664 toto
1135 3625 1188 3666 εκ·

284 3717 324 3772 9,
341 3699 454 3776 attuati
469 3687 500 3766 'd‘
532 3713 573 3774 tas
584 3694 681 3768 abeat,
699 3687 818 3776 petiuit
834 3689 943 3762 eisdeul
954 3684 1101 3755 affectibus
1115 3703 1190 3770 qua«.
