2512 4302
341 167 405 234 or
435 164 734 235 suturarum.
955 179 983 197 ··

64 249 137 316 titus
153 253 172 325 ,'
183 275 216 317 ac
230 254 250 316 st
266 254 297 316 in
312 258 415 335 Apulia
435 254 680 336 propieinimicum
691 249 861 313 tonststetet.
878 195 992 336 Quid

70 338 186 405 demum
201 339 337 416 temporit
354 337 570 416 respondentia,
587 356 644 416 quo
664 333 696 394 fit
711 333 780 393 mali
792 335 913 394 recursus
923 357 996 398 nurt-

68 433 160 498 *quanr
170 419 400 486 intermittenda,
417 415 467 476 nist
478 437 525 476 aut
541 418 671 476 alteruter
688 418 838 488 moriatur,
850 436 897 475 aut
908 438 995 478 omne

75 501 269 578 uiruspenirus
280 499 468 578 extinguatur.
897 487 906 508 ⁸
1005 515 1018 576 ᾗ,

114 583 186 639 Haee
203 581 301 639 emnia
317 621 325 647 ,
342 599 402 658 quae
421 597 513 657 neque
532 577 564 634 ¹in
583 591 686 635 natura:
699 572 931 650 similitudinem,
947 599 995 640 aut
1011 577 1038 631 7⁸

72 658 329 720 dissimisiatdincm
345 660 472 737 praecise,
485 677 577 728 neque
592 659 622 714 in
633 656 761 715 effluuios
772 659 891 736 spiritus,
900 680 995 741 neque

74 743 109 798 in
129 736 269 798 occultim
287 741 453 820 qualitatem
471 735 619 797 immissam
634 733 745 794 resundi
765 735 898 816 possunt,
915 741 994 801 certo

75 820 150 879 mihi
160 821 341 899 persuadent,
359 833 442 898 atque
453 821 482 877 in
491 838 555 876 mea
563 819 703 896 opinione
714 816 898 888 confirmant,
911 844 996 901 quarn

75 901 148 960 aliis
165 885 248 960 doditi
265 905 295 960 in
308 907 403 956 Lexr'to
426 909 457 956 V.
474 899 619 967 Mundus,
647 896 706 976 dari
721 898 846 978 aliquam
864 922 997 963 commu-

76 1001 144 1041 nent
163 981 302 1048 formam,
319 1001 379 1059 qua
399 975 525 1038 Vniuerst
543 977 619 1036 istius
638 974 729 1057 partes
744 981 870 1038 ¹inuicem
888 985 998 1054 nectat,

72 1081 165 1141 atque
196 1063 231 1122 ad
253 1059 480 1120 constituendum
497 1079 584 1117 vnum
602 1079 651 1138 per
669 1058 695 1116 se
715 1055 863 1128 habiliter,
882 1062 999 1123 riibuat-

83 1163 140 1221 que
164 1161 250 1203 roam
266 1143 344 1200 aiteri
372 1141 525 1200 condolere
544 1147 554 1207 ',
588 1141 677 1198 asiam
688 1133 723 1198 ab
740 1142 797 1200 alia
815 1143 873 1220 pati
888 1182 896 1210 ,
911 1163 942 1201 ac
957 1145 999 1202 di·

78 1223 163 1284 uersu
189 1223 313 1282 motibus
340 1220 507 1280 intrinsecus
533 1219 627 1288 affici,
646 1219 833 1299 respondere,
854 1223 885 1280 in
912 1217 1020 1284 ῑοιίιιιΧ

57 1369 60 1376 ¹
81 1304 347 1368 conseruationem,
367 1299 556 1360 &ordinemi
574 1305 682 1360 Natura
690 1303 875 1361 constitutum
895 1304 1001 1362 viritim

70 1385 240 1464 ¹'conspirare
257 1407 265 1443 t
284 1382 303 1442 fi
320 1386 398 1442 enim
416 1381 573 1442 uniuersum
589 1379 646 1439 hoc
660 1381 942 1462 vnumcornposttum
954 1402 1003 1464 pet

80 1464 379 1534 accidentdieetetur‚
397 1460 583 1542 'utquidlapis
594 1459 691 1519 contri
707 1461 783 1520 suant
802 1473 930 1531 naturam
945 1469 1001 1528 sur·

79 1547 140 1606 sum
163 1544 202 1605 ad
220 1543 386 1624 replendum
408 1561 529 1614 vacuum
548 1542 755 1619 impelleretur,
771 1564 802 1600 vt
818 1547 1003 1622 ‘quidsetcni-

80 1645 121 1684 tes
146 1631 282 1696 Lunam,
311 1644 371 1684 tota
391 1623 560 1690 substantia,
578 1639 642 1679 toto
661 1623 730 1681 caelo
765 1623 900 1699 diuersam
918 1629 1006 1686 moti·

77 1707 129 1765 bus
140 1708 195 1766 suis
207 1708 361 1766 imitamur
379 1717 388 1761 3
406 1709 498 1782 thue
508 1704 535 1758 iu
553 1701 679 1760 humano
699 1723 817 1782 corpore
836 1723 900 1761 cum
914 1709 1006 1766 ¹Gale·

82 1807 121 1845 no
132 1791 228 1866 plures
246 1783 407 1863 sympathia:
424 1782 691 1862 speciesconspicati
709 1783 819 1856 sumus,
837 1784 1006 1867 alicunque

86 1867 293 1947 dicituroperis
304 1865 520 1930 taurinatium,
539 1863 625 1922 asiam
640 1865 768 1945 generis,
787 1873 814 1924 δι
829 1866 916 1925 aliam
934 1869 1005 1929 vicu

86 1951 187 2010 nitaris
205 1973 214 2012 ·,
233 1969 268 2004 ex
284 1947 384 2025 quibus
397 1945 481 2002 veluti
500 1943 626 2002 fontibus
639 1957 764 2011 ‚omncs
784 1951 900 2012 internae
913 1961 1007 2010 mern-

79 2030 199 2089 brorum
209 2021 512 2086 affectiones‘deriuant
524 2026 596 2094 rita,
618 2033 645 2082 δι
661 2028 809 2108 inmagno
825 2025 1008 2110 istoeotpore

83 2109 190 2171 Mundi
209 2127 310 2168 omnes
331 2109 449 2166 'internae
473 2107 591 2184 partiunt
600 2101 781 2178 affectiones,
798 2107 1006 2182 condolentia,

83 2190 299 2256 dissenffiones,
315 2206 415 2246 mutua
433 2205 527 2245 earum
542 2186 724 2267 colligationi
740 2191 771 2246 in
788 2209 843 2258 uua
856 2191 1007 2256 uniuersali
1087 2183 1090 2190 Ἰ

82 2268 539 2348 sormaactcptaerestrridtbcnt,
557 2267 1006 2352 atqueadvnamexdiffistribus

80 2350 250 2432 sympathiae
265 2349 406 2427 speciebus
426 2347 531 2406 reduci.
554 2349 684 2407 Sica'e'ris
694 2353 900 2430 contagiones,
919 2375 1007 2436 atque

83 2432 342 2498 adeohominum,
362 2431 603 2498 &iumentorum,
623 2431 763 2490 vicinitati
778 2430 831 2495 =‚s1c
841 2439 1008 2514 magnetica

79 2515 288 2578 attractiones,
308 2518 334 2568 δι
354 2508 426 2567 forte
446 2508 585 2574 fascinus,
609 2531 669 2588 qua·
690 2533 737 2588 per
753 2511 877 2570 medium
894 2513 1008 2579 obicem

83 2595 282 2673 impediuntur
298 2587 307 2648 e
328 2610 376 2669 ptr
389 2590 532 2655 effluuios,
551 2591 713 2660 s'ttcerebti
729 2589 891 2651 affectiones
902 2597 936 2653 ab
950 2597 1009 2656 sto·
1032 2649 1035 2660 .

82 2674 185 2734 machi
201 2671 352 2749 vaporibus
365 2670 465 2728 sursunt
482 2669 563 2726 elatis
581 2679 589 2743 )
609 2669 645 2728 fic
661 2674 746 2730 etiam
764 2693 796 2730 cx
814 2672 1008 2738 familiaritate

82 2756 203 2834 operis,
224 2753 265 2811 vti
286 2753 317 2809 in
344 2771 461 2827 corpore
478 2748 604 2808 humano
620 2770 749 2810 mammae
763 2771 842 2810 vtcro
861 2756 1009 2832 pracsertim

83 2851 245 2912 conceptus
265 2847 392 2910 ternpore
409 2831 471 2888 sunt
485 2830 625 2912 colligatae
643 2875 650 2901 ,
668 2835 706 2891 ita
722 2835 752 2890 in
770 2837 923 2904 Vniuerso,
938 2845 1010 2900 Vere

84 2917 191 2976 omnia
204 2913 398 2978 efflorescunt,
418 2910 520 2970 nedum
540 2917 656 2989 plantat,
676 2913 721 2970 sed
739 2921 765 2970 dc
782 2936 916 2994 corpora,
934 2921 1012 2979 utin.

82 2997 302 3078 geniaturgene
317 3035 325 3059 ,
341 3011 427 3070 atquc
445 2993 480 3050 ad
493 3061 496 3066 1
510 2993 643 3071 quasdam
658 2991 891 3056 fructificationes
909 2999 1010 3060 mutuo
1058 3061 1061 3070 ,

82 3079 256 3137 incitantur.
348 3081 352 3090 ’
414 3089 455 3134 'x

111 3152 274 3218 Verumtti
288 3149 391 3211 eodem
403 3153 467 3211 ioco
484 3154 565 3211 Verbo
582 3165 610 3211 S.
623 3159 788 3237 sympathia
807 3155 884 3217 num.
898 3169 947 3232 ips
970 3160 1008 3220 di·
1026 3193 1040 3245 Β

80 3239 195 3304 xima,
227 3231 714 3314 suntaliquaepartiumaffediiones,
733 3246 760 3298 &
779 3239 1009 3302 condolentiaein
1043 3227 1053 3247 ⁶

82 3318 219 3378 humano
234 3335 368 3388 corpote,
387 3335 447 3396 quass
462 3314 497 3374 ad
517 3313 573 3373 hacc
591 3321 684 3395 capita
700 3319 825 3380 omnini>
840 3321 935 3382 reduci
948 3345 1010 3384 non

83 3397 224 3479 possunt,
250 3389 296 3452 sed
306 3393 340 3452 ad
351 3397 434 3454 aliam
444 3397 585 3454 occultam
604 3400 734 3458 virtutem
746 3443 753 3469 ,
772 3421 832 3482 quae
843 3401 887 3459 iris
897 3404 1012 3469 tandem

79 3477 227 3542 accedat,
247 3494 277 3533 vt
285 3493 359 3554 pater
370 3477 401 3533 in
411 3476 512 3534 desirio
529 3481 651 3548 mentis,
672 3481 791 3559 quodex
809 3483 1013 3544 inflammatio-¹

86 3581 125 3619 ne
137 3558 212 3637 septi
223 3553 367 3614 transuerst
377 3556 466 3616 solutu
477 3559 567 3616 oritur
579 3600 586 3624 ‚
599 3581 656 3618 non
667 3581 760 3624 autem
776 3561 1012 3625 exobstrudiione

83 3634 265 3705 ventriculi,
281 3637 653 3718 quaetantumcaputdolere
663 3640 746 3713 sacit,
759 3647 807 3714 ⁴ita
823 3644 854 3702 in
872 3641 927 3703 hac
941 3649 1014 3706 Vni·

82 3717 158 3780 uerfi
166 3713 376 3781 constitutione
385 3719 476 3799 plures
487 3719 751 3785 retuntaffediiones
759 3724 844 3798 sunt,
863 3746 924 3806 quac
939 3726 1013 3807 aegrd
